@article{Ullman75NPComplete,
	Bibsource = {{DBLP, http://dblp.uni-trier.de}},
	Ee = {{http://dx.doi.org/10.1016/S0022-0000(75)80008-0}},
	Publisher = {{Elsevier}},
	Url = {{http://dblp.org/db/journals/jcss/jcss10.html#Ullman75}},
	author = {Ullman, Jeffrey D.},
	title = {{NP-Complete Scheduling Problems}},
	journal = {{Journal of Computer and System sciences}},
	volume = {10},
	number = {3},
	pages = {384-393},
	year = {1975},
	doi = {10.1016/S0022-0000(75)80008-0},
	tags = "Scheduling, Reference"
}

@article{Graham66Bounds,
	Tags = {{theoretical}},
	author = {Graham, Ronald L.},
	title = {{Bounds for certain multiprocessing anomalies}},
	journal = {{Bell System Technical Journal}},
	volume = {45},
	number = {9},
	pages = {1563-1581},
	year = {1966},
	tags = "Scheduling, Reference"
}

@Article{Graham69Bounds,
	Bibsource = {{DBLP, http://dblp.uni-trier.de}},
	Url = {{http://dblp.org/db/journals/siamam/siamam17.html#Graham69}},
	author = {Graham, Ronald L.},
	title = {{Bounds on Multiprocessing Timing Anomalies}},
	journal = {{SIAM Journal on Applied Mathematics}},
	volume = {17},
	number = {2},
	pages = {416-429},
	year = {1969},
	doi = {10.1137/0117039},
	tags = "Scheduling, Reference"
}

@article{Hwang89Scheduling,
	Bibsource = {{DBLP, http://dblp.uni-trier.de}},
	Ee = {{http://dx.doi.org/10.1137/0218016}},
	Publisher = {{SIAM}},
	Url = {{http://dblp.org/db/journals/siamcomp/siamcomp18.html#HwangCAL89}},
	author = {Hwang, Jing-Jang and Chow, Yuan-Chieh and Anger, Frank D. and Lee, Chung-Yee},
	title = {{Scheduling Precedence Graphs in Systems with Interprocessor Communication Times}},
	journal = {{SIAM Journal on Computing}},
	volume = {18},
	number = {2},
	pages = {244-257},
	year = {1989},
	doi = {10.1137/0218016},
	tags = "Scheduling"
}

@inproceedings{Venkatasubramanian09Tuned,
	Acmid = {{1542312}},
	address = {{New York, NY, USA}},
	Author:corp = {{ACM}},
	booktitle = {{Proceedings of the 23rd international conference on Supercomputing}},
	Isbn = {{978-1-60558-498-0}},
	Keywords = {{none}},
	Location = {{Yorktown Heights, NY, USA}},
	Numpages = {{12}},
	publisher = {{ACM}},
	series = {{ICS ’09}},
	Url = {{http://doi.acm.org/10.1145/1542275.1542312}},
	author = {Venkatasubramanian, Sundaresan and Vuduc, Richard W.},
	title = {{Tuned and Wildly Asynchronous Stencil Kernels for Hybrid CPU/GPU Systems}},
	pages = {244-255},
	year = {2009},
	doi = {10.1145/1542275.1542312},
	tags = "GPU"
}

@inproceedings{Gautier13LocalityAware,
	address = {{Berlin, Allemagne}},
	Affiliation = {{MOAIS - INRIA Grenoble Rhône-Alpes / LIG Laboratoire d’Informatique de Grenoble , Instituto de Informática da UFRGS - UFRGS}},
	Audience = {{internationale }},
	booktitle = {{6th Workshop on Programmability Issues for Heterogeneous Multicores (MULTIPROG)}},
	Hal_id = {{hal-00780890}},
	Language = {{Anglais}},
	Month = {{Jan}},
	Pdf = {{http://hal.inria.fr/hal-00780890/PDF/joao-lima-multiprog2013.pdf}},
	Url = {{http://hal.inria.fr/hal-00780890}},
	author = {Gautier, Thierry and Ferreira Lima, Joao Vicente and Maillard, Nicolas and Raffin, Bruno},
	title = {{Locality-Aware Work Stealing on Multi-CPU and Multi-GPU Architectures}},
	year = {2013},
	tags = "Scheduling, Memo"
}

@incollection{Agullo10Faster,
	Affiliation = {{HiePACS - INRIA Bordeaux - Sud-Ouest , Laboratoire Bordelais de Recherche en Informatique - LaBRI , RUNTIME - INRIA Bordeaux - Sud-Ouest , Innovative Computing Laboratory - ICL}},
	booktitle = {{GPU Computing Gems}},
	editor = {Hwu, Wen-mei W.},
	Hal_id = {{inria-00547847}},
	Language = {{Anglais}},
	month = {{Sep}},
	Pdf = {{http://hal.inria.fr/inria-00547847/PDF/gpucomputinggems_plagma.pdf}},
	publisher = {{Morgan Kaufmann}},
	Url = {{http://hal.inria.fr/inria-00547847}},
	author = {Agullo, Emmanuel and Augonnet, Cédric and Dongarra, Jack and Ltaief, Hatem and Namyst, Raymond and Thibault, Samuel and Tomov, Stanimire},
	title = {{Faster, Cheaper, Better – a Hybridization Methodology to Develop Linear Algebra Software for GPUs}},
	journal = {{GPU Computing Gems}},
	volume = {2},
	year = {2010},
	tags = "GPU"
}

@inproceedings{McCreary90Efficient,
	Bibsource = {{DBLP, http://dblp.uni-trier.de}},
	booktitle = {{ICPP (2)}},
	editor = {David A. Padua},
	publisher = {{Pennsylvania State University Press}},
	Url = {{http://dblp.org/db/conf/icpp/icpp90-2.html#McCrearyG90}},
	author = {McCreary, Carolyn and Gill, Helen},
	title = {{Efficient Exploitation of Concurrency Using Graph Decomposition}},
	pages = {199-203},
	year = {1990},
	tags = "Scheduling"
}

@techreport{McCreary93Graph,
	institution = {{Dept. of Computer Science and Engineering, Auburn University}},
	month = {{04}},
	note = {{Tech. Rpt. TR-93-04, }},
	author = {McCreary, C. L. and Reed, A.},
	title = {{A Graph Parsing Algorithm and Implementation}},
	year = {1993},
	tags = "Scheduling"
}

@inproceedings{McCreary93Partitioning,
	booktitle = {{In Twenty-eighth annual ACM symposium on theory of computing}},
	author = {McCreary, C. L. and Thompson, J. J. and Gill, D. H. and Smith, T. J. and Zhu, Y.},
	title = {{Partitioning and Scheduling Using Graph Decomposition}},
	pages = {93-06},
	year = {1993},
	tags = "Scheduling"
}

@incollection{Goktekin04GiPSi,
	booktitle = {{Medecine Meets Virtual Reality XII (MMVR 2004)}},
	Chapter = {{Lecture Notes in Computer Science}},
	editor = {Cotin, Stéphane and Metaxas, Dimitris},
	Isbn = {{978-3-540-22186-9}},
	month = {{Jan}},
	publisher = {{Springer Berlin Heidelberg}},
	Url = {{http://dx.doi.org/10.1007/978-3-540-25968-8_27}},
	author = {Goktekin, TolgaGokce and Çavuşoğlu, MuratCenk and Tendick, Frank and Sastry, Shankar},
	title = {{GiPSi: An Open Source/Open Architecture Software Development Framework for Surgical Simulation}},
	volume = {3078},
	pages = {240-248},
	year = {2004},
	doi = {10.1007/978-3-540-25968-8_27},
	tags = "Physical simulation"
}

@inproceedings{Frigo98Implementation,
	Acmid = {{277725}},
	address = {{New York, NY, USA}},
	booktitle = {{PLDI}},
	Isbn = {{0-89791-987-4}},
	Keywords = {{critical path, multithreading, parallel computing, programming language, runtime system, work}},
	Location = {{Montreal, Quebec, Canada}},
	Numpages = {{12}},
	publisher = {{ACM}},
	Series = {{PLDI ’98}},
	Url = {{http://doi.acm.org/10.1145/277650.277725}},
	author = {Frigo, Matteo and Leiserson, Charles E. and Randall, Keith H.},
	title = {{The Implementation of the Cilk-5 Multithreaded Language}},
	pages = {212-223},
	year = {1998},
	doi = {10.1145/277650.277725},
	tags = "Parallel Runtimes"
}

@article{Vassilev01Fast,
	author = {Vassilev, T. Ivanov and Spanlang, Bernhard and Chrysanthou, Yiorgos},
	title = {{Fast Cloth Animation on Walking Avatars}},
	journal = {{Computer Graphics Forum}},
	volume = {20},
	number = {3},
	pages = {260-267},
	year = {2001},
	doi = {10.1111/1467-8659.00518},
	tags = "Physical simulation"
}

@article{House96Towards,
	Publisher = {{MCB UP Ltd}},
	author = {House, Donald H. and DeVaul, Richard W. and Breen, David E.},
	title = {{Towards simulating cloth dynamics using interacting particles}},
	journal = {{International Journal of Clothing Science and Technology}},
	volume = {8},
	number = {3},
	pages = {75-94},
	year = {1996},
	doi = {10.1108/09556229610147959},
	tags = "Physical simulation"
}

@inproceedings{Provot99Collision,
	booktitle = {{Computer Animation and Simulation}},
	Masid = {{2849151}},
	author = {Provot, Xavier},
	title = {{Collision and self-collision handling in cloth model dedicated to design garments}},
	pages = {177-189},
	year = {1999},
	tags = "Physical simulation"
}

@inproceedings{Khan94Comparison,
	Author:corp = {{IEEE}},
	booktitle = {{Parallel Processing, 1994. ICPP 1994. International Conference on}},
	author = {Khan, A. A. and McCreary, C. L. and Jones, M. S.},
	title = {{A Comparison of Multiprocessor Scheduling Heuristics}},
	volume = {2},
	pages = {243-250},
	year = {1994},
	doi = {10.1109/ICPP.1994.19},
	tags = "Scheduling"
}

@inproceedings{Lepere02new,
	Author:corp = {{IEEE}},
	booktitle = {{Parallel and Distributed Processing Symposium., Proceedings International, IPDPS 2002, Abstracts and CD-ROM}},
	Keywords = {{delays;graph theory;multiprocessing systems;parallel programming;resource allocation;scheduling;clustering algorithm;convex clustering;independent tasks;large communication delays;parallel program;precedence task graph;recursive decomposition;simulations;structured task graphs;task scheduling;Aggregates;Buildings;Clustering algorithms;Concurrent computing;Costs;Delay;Grid computing;Multiprocessor interconnection networks;Processor scheduling;Scheduling algorithm}},
	organisation = {{IEEE}},
	author = {Lepere, R. and Trystram, D.},
	title = {{A new clustering algorithm for large communication delays}},
	pages = {6},
	year = {2002},
	doi = {10.1109/IPDPS.2002.1015571},
	tags = "Scheduling"
}

@article{Boulos12Efficient,
	Issn = {{1861-8200}},
	Keywords = {{GPU cluster; Data flow graph (DFG); Computation communication overlap}},
	Language = {{English}},
	Publisher = {{Springer}},
	Url = {{http://dx.doi.org/10.1007/s11554-012-0279-0}},
	author = {Boulos, Vincent and Huet, Sylvain and Fristot, Vincent and Salvo, Luc and Houzet, Dominique},
	title = {{Efficient implementation of data flow graphs on multi-gpu clusters}},
	journal = {{Journal of Real-Time Image Processing}},
	year = {2012},
	doi = {10.1007/s11554-012-0279-0},
	tags = "Parallel Runtimes"
}

@article{Garey75Bounds,
	Bibsource = {{DBLP, http://dblp.uni-trier.de}},
	Ee = {{http://dx.doi.org/10.1137/0204015}},
	Url = {{http://dblp.org/db/journals/siamcomp/siamcomp4.html#GareyG75}},
	author = {Garey, M. R. and Graham, Ronald L.},
	title = {{Bounds for Multiprocessor Scheduling with Resource Constraints}},
	journal = {{SIAM Journal on Computing}},
	volume = {4},
	number = {2},
	pages = {187-200},
	year = {1975},
	doi = {10.1137/0204015},
	tags = "Scheduling, Reference"
}

@article{Topcuoglu02Performanceeffective,
	Bibsource = {{DBLP, http://dblp.uni-trier.de}},
	Ee = {{http://doi.ieeecomputersociety.org/10.1109/71.993206}},
	Issn = {{1045-9219}},
	Keywords = {{directed graphs;processor scheduling;workstation clusters;Critical-Path-on-a-Processor algorithm;DAG scheduling;Heterogeneous Earliest-Finish-Time algorithm;application scheduling problem;heterogeneous computing environments;list scheduling;parametric graph generator;scheduling costs;task graphs;time metrics;weighted directed acyclic graphs;Processor scheduling}},
	Publisher = {{IEEE}},
	Url = {{http://dblp.org/db/journals/tpds/tpds13.html#TopcuogluHW02}},
	author = {Topcuoglu, H. and Hariri, S. and Wu, Min-You},
	title = {{Performance-effective and low-complexity task scheduling for heterogeneous computing}},
	journal = {{Parallel and Distributed Systems, IEEE Transactions on}},
	volume = {13},
	number = {3},
	pages = {260-274},
	year = {2002},
	doi = {10.1109/71.993206},
	tags = "Scheduling"
}

@inproceedings{Faure08Imagebased,
	address = {{Dublin, Irlande}},
	Affiliation = {{EVASION - INRIA Grenoble Rhône-Alpes / LJK Laboratoire Jean Kuntzmann , Université Joseph Fourier - Grenoble 1 UJF , ALCOVE - INRIA Lille - Nord Europe}},
	booktitle = {{ACM SIGGRAPH/Eurographics Symposium on Computer Animation}},
	Hal_id = {{inria-00319399}},
	Keywords = {{collision detection; collision response; physical simulation; deformable objects}},
	Language = {{Anglais}},
	Month = {{Jul}},
	Pdf = {{http://hal.inria.fr/inria-00319399/PDF/sofa-ldi-sca2008.pdf}},
	Url = {{http://hal.inria.fr/inria-00319399}},
	author = {Faure, Fran\c cois and Allard, Jérémie and Falipou, Florent and Barbier, Sébastien},
	title = {{Image-based Collision Detection and Response between Arbitrary Volumetric Objects}},
	pages = {155-162},
	year = {2008},
	doi = {10.2312/SCA/SCA08/155-162 },
	tags = "Physical simulation"
}

@inproceedings{Georgii05Interactive,
	Bibsource = {{DBLP, http://dblp.uni-trier.de}},
	booktitle = {{SimVis}},
	Url = {{http://dblp.org/db/conf/simvis/simvis2005.html#GeorgiiEW05}},
	author = {Georgii, Joachim and Echtler, Florian and Westermann, Razdiger},
	title = {{Interactive Simulation of Deformable Bodies on GPUs}},
	journal = {{Simulation and visualisation}},
	volume = {2005},
	pages = {247-258},
	year = {2005},
	tags = "Physical simulation"
}

@article{Tejada05Large,
	Bibsource = {{DBLP, http://dblp.uni-trier.de}},
	Ee = {{http://dx.doi.org/10.1016/j.simpat.2005.08.005}},
	Issn = {{1569-190X}},
	Keywords = {{GPU computing; Deformable bodies; Implicit integration; Physical simulation; Volume rendering }},
	Note = {{<ce:title>Programmable Graphics Hardware</ce:title> }},
	Publisher = {{Elsevier}},
	Url = {{http://dblp.org/db/journals/simpra/simpra13.html#TejadaE05}},
	author = {Tejada, Eduardo and Ertl, Thomas},
	title = {{Large steps in GPU-based deformable bodies simulation }},
	journal = {{Simulation Modelling Practice and Theory }},
	volume = {13},
	number = {8},
	pages = {703-715},
	year = {2005},
	doi = {http://dx.doi.org/10.1016/j.simpat.2005.08.005},
	tags = "Physical simulation"
}

@article{Gropp96HighPerformance,
	Bibsource = {{DBLP, http://dblp.uni-trier.de}},
	Ee = {{http://dx.doi.org/10.1016/0167-8191(96)00024-5}},
	Publisher = {{Elsevier}},
	Url = {{http://dblp.org/db/journals/pc/pc22.html#GroppLDS96}},
	author = {Gropp, William and Lusk, Ewing L. and Doss, Nathan E. and Skjellum, Anthony},
	title = {{A High-Performance, Portable Implementation of the MPI Message Passing Interface Standard}},
	journal = {{Parallel computing}},
	volume = {22},
	number = {6},
	pages = {789-828},
	year = {1996},
	doi = {10.1016/0167-8191(96)00024-5},
	tags = "Parallel Runtimes"
}

@article{Georgii05Massspring,
	Bibsource = {{DBLP, http://dblp.uni-trier.de}},
	Ee = {{http://dx.doi.org/10.1016/j.simpat.2005.08.004}},
	Publisher = {{Elsevier}},
	Url = {{http://dblp.org/db/journals/simpra/simpra13.html#GeorgiiW05}},
	author = {Georgii, Joachim and Westermann, RĂźdiger},
	title = {{Mass-spring systems on the GPU}},
	journal = {{Simulation Modelling Practice and Theory}},
	volume = {13},
	number = {8},
	pages = {693-702},
	year = {2005},
	doi = {http://dx.doi.org/10.1016/j.simpat.2005.08.004},
	tags = "Physical simulation"
}

@book{Wilmarth05Pose,
	publisher = {{University of Illinois at Urbana-Champaign Champaign, IL}},
	author = {Wilmarth, Terry L.},
	title = {{Pose: Scalable general-purpose parallel discrete event simulation}},
	year = {2005},
	tags = "Profiling tools"
}

@inproceedings{Baciu98RECODE,
	booktitle = {{Computer Graphics and Applications, 1998. Pacific Graphics’ 98. Sixth Pacific Conference on}},
	Keywords = {{computational geometry;interactive systems;position control;real-time systems;rendering (computer graphics);virtual reality;3D object motion simulations;RECODE;computational savings;geometrical object space interference tests;graphics rendering hardware;image based collision detection algorithm;image space approach;image space interference test;interactive computer graphics;object interactions;real time complex object interactions;robotics applications;virtual reality;Application software;Computational modeling;Computer graphics;Computer simulation;Detection algorithms;Interference;Orbital robotics;Pervasive computing;Testing;Virtual reality}},
	author = {Baciu, George and Wong, Wingo Sai-Keung and Sun, Hanqiu},
	title = {{RECODE: an image-based collision detection algorithm}},
	pages = {125-133},
	year = {1998},
	doi = {10.1109/PCCGA.1998.732079},
	tags = "Physical simulation"
}

@inproceedings{Allard07SOFA,
	address = {{palm beach, États-Unis}},
	Affiliation = {{Center for Integration of Medicine & Innovative Technology - CIMIT , Laboratoire Jean Kuntzmann - LJK , EVASION - INRIA Grenoble Rhône-Alpes / LJK Laboratoire Jean Kuntzmann , ALCOVE - INRIA Lille - Nord Europe , ASCLEPIOS - INRIA Sophia Antipolis}},
	Audience = {{internationale }},
	booktitle = {{Medicine Meets Virtual Reality (MMVR 15)}},
	Hal_id = {{inria-00319416}},
	Language = {{Anglais}},
	Month = {{Sep}},
	Pdf = {{http://hal.inria.fr/inria-00319416/PDF/MMVR07.pdf}},
	Url = {{http://hal.inria.fr/inria-00319416}},
	author = {Allard, Jérémie and Cotin, Stéphane and Faure, Fran\c cois and Bensoussan, Pierre-Jean and Poyer, Fran\c cois and Duriez, Christian and Delingette, Hervé and Grisoni, Laurent},
	title = {{SOFA - an Open Source Framework for Medical Simulation}},
	year = {2007},
	tags = "Physical simulation, Sofa"
}

@article{Augonnet11StarPU,
	Publisher = {{Wiley Online Library}},
	author = {Augonnet, Cédric and Thibault, Samuel and Namyst, Raymond and Wacrenier, Pierre-André},
	title = {{StarPU: A unified platform for task scheduling on heterogeneous multicore architectures}},
	journal = {{Concurrency and Computation: Practice and Experience}},
	volume = {23},
	number = {2},
	pages = {187-198},
	year = {2011},
	doi = {10.1002/cpe.1631},
	tags = "Parallel Runtimes"
}

@article{Tomov10Towards,
	Bibsource = {{DBLP, http://dblp.uni-trier.de}},
	Ee = {{http://dx.doi.org/10.1016/j.parco.2009.12.005}},
	Issn = {{0167-8191}},
	Keywords = {{Hybrid computing; Dense linear algebra; Parallel algorithms; Multicore processors; Graphics processing units }},
	Note = {{<ce:title>Parallel Matrix Algorithms and Applications</ce:title> }},
	Url = {{http://dblp.org/db/journals/pc/pc36.html#TomovDB10}},
	author = {Tomov, Stanimire and Dongarra, Jack and Baboulin, Marc},
	title = {{Towards dense linear algebra for hybrid GPU accelerated manycore systems }},
	journal = {{Parallel Computing }},
	volume = {36},
	number = {5–6},
	pages = {232-240},
	year = {2010},
	doi = {10.1016/j.parco.2009.12.005},
	tags = "GPU"
}

@article{Moon01Analysis,
	Issn = {{1041-4347}},
	Keywords = {{computational geometry;database theory;query processing;temporal databases;visual databases;Hilbert space-filling curve;closed-form formulas;clustering;disk access behavior;fractals;hypersurface area;image compression;multidimensional space linear mapping;query region;range queries;spatio-temporal databases;total access time;z curve;Fractals;Geographic Information Systems;Helium;Hilbert space;Image coding;Image databases;Moon;Multidimensional systems;Shape;Time measurement}},
	author = {Moon, B. and Jagadish, H. V. and Faloutsos, C. and Saltz, J. H.},
	title = {{Analysis of the clustering properties of the Hilbert space-filling curve}},
	journal = {{Knowledge and Data Engineering, IEEE Transactions on}},
	volume = {13},
	number = {1},
	pages = {124-141},
	year = {2001},
	doi = {10.1109/69.908985},
}

@inproceedings{Fuhrmann03Distance,
	booktitle = {{Proceedings of GraphiCon 2003}},
	Masid = {{2973133}},
	author = {Fuhrmann, Arnulph and Sobottka, Gerrit},
	title = {{Distance Fields for Rapid Collision Detection in Physically Based Modeling}},
	year = {2003},
	tags = "Physical simulation"
}

@article{Yang94DSC,
	Issn = {{1045-9219}},
	Keywords = {{computational complexity;directed graphs;parallel algorithms;parallel programming;scheduling;trees (mathematics);DAGs;DSC;ETF;MD;NP-complete;arbitrary directed acyclic task graphs;coarse-grain trees;completely connected processor;dominant sequence clustering algorithm;fine-grain trees;fork;general scheduling algorithms;join;low-complexity heuristic;nonzero communication overhead;optimal schedules;parallel task scheduling;performance;special classes;unbounded number;Clustering algorithms;Computer science;Multiprocessor interconnection networks;Network topology;Optimal scheduling;Parallel processing;Processor scheduling;Program processors;Scheduling algorithm;Tree graphs}},
	author = {Yang, Tao and Gerasoulis, Apostolos},
	title = {{DSC: scheduling parallel tasks on an unbounded number of processors}},
	journal = {{Parallel and Distributed Systems, IEEE Transactions on}},
	volume = {5},
	number = {9},
	pages = {951-967},
	year = {1994},
	doi = {10.1109/71.308533},
	tags = "Scheduling"
}

@techreport{Karypis95Metisunstructured,
	address = {{Minneapolis}},
	institution = {{University of Minnesota, Departement of Computer Science}},
	month = {{08}},
	note = {{MN55455}},
	author = {Karypis, George and Kumar, Vipin},
	title = {{Metis-unstructured graph partitioning and sparse matrix ordering system, version 2.0}},
	year = {1995},
	tags = "Graph"
}

@inproceedings{Montgomery02Spring,
	booktitle = {{Medicine Meets Virtual Reality}},
	Month = {{Oct}},
	publisher = {{IOS Press}},
	author = {Montgomery, Kevin and Bruyns, Cynthia and Brown, Joel and Sorkin, Stephen and Mazzella, Frederic and Thonier, Guillaume and Tellier, Arnaud and Lerman, Benjamin and Menon, Anil},
	title = {{Spring: A General Framework for Collaborative, Real-time Surgical Simulation}},
	pages = {23--26},
	year = {2002},
	tags = "Physical simulation"
}

@incollection{Bueno11Productive,
	Bibsource = {{DBLP, http://dblp.uni-trier.de}},
	booktitle = {{Euro-Par 2011 Parallel Processing}},
	Chapter = {{Lecture Notes in Computer Science}},
	editor = {Jeannot, Emmanuel and Namyst, Raymond and Roman, Jean},
	Ee = {{http://dx.doi.org/10.1007/978-3-642-23400-2_52}},
	Isbn = {{978-3-642-23399-9}},
	publisher = {{Springer}},
	Url = {{http://dblp.org/db/conf/europar/europar2011-1.html#BuenoMDFMBAL11}},
	author = {Bueno, Javier and Martinell, Luis and Duran, Alejandro and Farreras, Montse and Martorell, Xavier and Badia, RosaM. and Ayguade, Eduard and Labarta, Jesús},
	title = {{Productive Cluster Programming with OmpSs}},
	volume = {6852},
	pages = {555-566},
	year = {2011},
	doi = {10.1007/978-3-642-23400-2_52},
	tags = "Parallel Runtimes"
}

@article{Dagum98OpenMP,
	Issn = {{1070-9924}},
	Keywords = {{application program interfaces;parallel programming;shared memory systems;software portability;software reviews;software standards;Fortran;Fortran 90;Fortran 95;Fortran compiler;OpenMP;X3H5 concepts;allocatables;callable runtime library;callable runtime library routines;coarse grain parallelism;compiler directives;environment variables;industry standard API;pointers;shared memory parallelism;shared memory programming;ANSI standards;Coherence;Computer architecture;Hardware;Message passing;Parallel processing;Parallel programming;Power system modeling;Scalability;Software systems}},
	author = {Dagum, L. and Menon, R.},
	title = {{OpenMP: an industry standard API for shared-memory programming}},
	journal = {{Computational Science Engineering, IEEE}},
	volume = {5},
	number = {1},
	pages = {46-55},
	year = {1998},
	doi = {10.1109/99.660313},
	tags = "Parallel Runtimes"
}

@article{Dijkstra65Solution,
	Bibsource = {{DBLP, http://dblp.uni-trier.de}},
	Ee = {{http://doi.acm.org/10.1145/365559.365617}},
	Url = {{http://dblp.org/db/journals/cacm/cacm8.html#Dijkstra65}},
	author = {Dijkstra, Edsger W.},
	title = {{Solution of a problem in concurrent programming control}},
	journal = {{Communications of the ACM}},
	volume = {8},
	number = {9},
	pages = {569},
	year = {1965},
	doi = {10.1145/365559.365617},
	tags = "Scheduling, Reference"
}

@incollection{Pellegrini96Scotch,
	booktitle = {{High-Performance Computing and Networking}},
	Chapter = {{Lecture Notes in Computer Science}},
	editor = {Liddell, Heather and Colbrook, Adrian and Hertzberger, Bob and Sloot, Peter},
	Isbn = {{978-3-540-61142-4}},
	publisher = {{Springer Berlin Heidelberg}},
	Url = {{http://dx.doi.org/10.1007/3-540-61142-8_588}},
	author = {Pellegrini, François and Roman, Jean},
	title = {{Scotch: A software package for static mapping by dual recursive bipartitioning of process and architecture graphs}},
	volume = {1067},
	pages = {493-498},
	year = {1996},
	doi = {10.1007/3-540-61142-8_588},
	tags = "Graph"
}

@phdthesis{Hermann10Simulations,
	Abstract = {{La simulation physique interactive est une composante clé pour les environnements virtuels. Toutefois, la quantité de calcul ainsi que la complexité du code augmente rapidement avec la variété, le nombre et la taille des objets simulés. Au cours de cette thèse nous avons étudié les différents moyens d’améliorer l’interactivité, et en même temps de minimiser l’impact sur le code de simulation. En premier lieu nous avons développé une nouvelle approche de détection de collisions pour les objets déformables qui est rapide et plus robuste que les approches traditionnelles de détection par proximité. Pour tirer profit des machines multi-core, nous proposons une approche de parallélisation qui repose sur un parallélisme des tâches. Avant l’éxecution d’un pas de temps nous extrayons un graphe de dépendance de tâche qui est partitionné pour définir la répartition des tâches entre les processeurs. Cette approche a un faible impact sur les algorithmes de simulation physique étant donné que le parallélisme est obtenu en changeant uniquement le code d’orchestration du lancement des tâches. Finalement, nous avons étendu nos travaux aux architectures multi-CPU et multi-GPU. L’utilisation de ces ressources de manière efficace et transparente est un enjeu de taille. Nous proposons un schéma de parallélisation pour l’équilibrage dynamique de charge entre plusieurs CPUs et GPUs. Nous nous appuyons sur une approche à deux niveaux associant un partitionement du graphe de tâches et l’équilibrage de charge par l’utilisation du vol de travail guidé par des critères d’affinité entre processeurs. Ces critères visent à limiter les migrations de taches entre les unités de calcul, et de favoriser l’ association de petites tâches sur les processeurs et des grandes sur les GPU pour tirer parti de l’hétérogénéité.}},
	address = {{Grenoble, France}},
	Affiliation = {{Laboratoire d’Informatique de Grenoble - LIG , MOAIS - INRIA Grenoble Rhône-Alpes / LIG Laboratoire d’Informatique de Grenoble}},
	Collaboration = {{Sofa; KAAPI }},
	Hal_id = {{tel-00537947}},
	Keywords = {{Simulation physique; parallelisme; multi-gpu; multi-cpu;}},
	Language = {{Anglais}},
	month = {{Jun}},
	Pdf = {{http://tel.archives-ouvertes.fr/tel-00537947/PDF/these.pdf}},
	school = {{Institut National Polytechnique de Grenoble - INPG}},
	Url = {{http://tel.archives-ouvertes.fr/tel-00537947}},
	author = {Hermann, Everton},
	title = {{Simulations Physiques Interactives sur des Architectures Multi-Core et Multi-GPU}},
	year = {2010},
	tags = "Physical simulation, Sofa"
}

@incollection{Toss12New,
	Acmid = {{2402525}},
	address = {{Berlin, Heidelberg}},
	Bibsource = {{DBLP, http://dblp.uni-trier.de}},
	booktitle = {{Euro-Par}},
	Chapter = {{Lecture Notes in Computer Science}},
	editor = {Kaklamanis, Christos and Papatheodorou, Theodore and Spirakis, PaulG.},
	Ee = {{http://dx.doi.org/10.1007/978-3-642-32820-6_88}},
	Isbn = {{978-3-642-32819-0}},
	Keywords = {{GPU, task parallelism, work stealing}},
	Location = {{Rhodes Island, Greece}},
	Numpages = {{13}},
	publisher = {{Springer-Verlag}},
	Series = {{Euro-Par’12}},
	Url = {{http://dblp.org/db/conf/europar/europar2012.html#TossG12}},
	author = {Toss, Julio and Gautier, Thierry},
	title = {{A New Programming Paradigm for GPGPU}},
	volume = {7484},
	pages = {895-907},
	year = {2012},
	doi = {10.1007/978-3-642-32820-6_88},
	tags = "GPU, Memo, Sofa"
}

@inproceedings{Gautier13XKaapi,
	address = {{Boston, Massachusetts, USA}},
	booktitle = {{IPDPS}},
	Hal_id = {{hal-00799904}},
	Issn = {{1530-2075}},
	Month = {{May}},
	Url = {{http://hal.inria.fr/hal-00799904}},
	author = {Gautier, Thierry and Ferreira Lima, Joao Vicente and Maillard, Nicolas and Raffin, Bruno},
	title = {{XKaapi: A Runtime System for Data-Flow Task Programming on Heterogeneous Architectures}},
	pages = {1299-1308},
	year = {2013},
	doi = {10.1109/IPDPS.2013.66},
	tags = "Parallel Runtimes, Memo"
}

@inproceedings{Chiou00Dynamic,
	booktitle = {{Design Automation Conference}},
	Masid = {{209401}},
	author = {Chiou, Derek and Devadas, Srinivas and Rudolph, Larry and Ang, Boon S. and Chiouy, Derek and Rudolphy, Larry and Devadasy, Srinivas and Angz, Boon S.},
	title = {{Dynamic cache partitioning via columnization}},
	year = {2000},
	tags = "Cache"
}

@article{Bugnion96Compilerdirected,
	Acmid = {{237195}},
	Address = {{New York, NY, USA}},
	Issn = {{0163-5980}},
	Issue_date = {{Dec. 1996}},
	Month = {{sep}},
	Numpages = {{12}},
	Publisher = {{ACM}},
	Url = {{http://doi.acm.org/10.1145/248208.237195}},
	author = {Bugnion, Edouard and Anderson, Jennifer M. and Mowry, Todd C. and Rosenblum, Mendel and Lam, Monica S.},
	title = {{Compiler-directed Page Coloring for Multiprocessors}},
	journal = {{SIGOPS Oper. Syst. Rev.}},
	volume = {30},
	number = {5},
	pages = {244-255},
	year = {1996},
	doi = {10.1145/248208.237195},
	tags = "Cache"
}

@inproceedings{Suh01Dynamic,
	address = {{Anaheim, USA}},
	booktitle = {{Proceedings of the IASTED International Conference on Parallel and Distributed Computing and Systems}},
	author = {Suh, G. Edward and Rudolph, Larry and Devadas, Srinivas},
	title = {{Dynamic Cache Partitioning for Simultaneous Multithreading Systems}},
	pages = {116-127},
	year = {2001},
	tags = "Cache"
}

@inproceedings{Niu12PARDA,
	booktitle = {{Parallel Distributed Processing Symposium (IPDPS), 2012 IEEE 26th International}},
	Issn = {{1530-2075}},
	Keywords = {{cache storage;parallel processing;PARDA;SPEC CPU 2006 benchmark suite;cache size upper bound;data cache locality characterization;memory address trace analysis;parallel reuse distance analysis algorithm;stack histogram model;tunable parameter;Algorithm design and analysis;Analytical models;Arrays;Histograms;Optimization;Parallel algorithms;Program processors;Caching;Data Locality;LRU Stack Distance;Performance Analysis;Reuse Distance}},
	author = {Niu, Qingpeng and Dinan, J. and Lu, Qingda and Sadayappan, P.},
	title = {{PARDA: A Fast Parallel Reuse Distance Analysis Algorithm}},
	pages = {1284-1294},
	year = {2012},
	doi = {10.1109/IPDPS.2012.117},
	tags = "Cache"
}

@inproceedings{Sherwood99Reducing,
	Acmid = {{305189}},
	address = {{New York, NY, USA}},
	booktitle = {{Proceedings of the 13th International Conference on Supercomputing}},
	Isbn = {{1-58113-164-X}},
	Location = {{Rhodes, Greece}},
	Numpages = {{10}},
	publisher = {{ACM}},
	Series = {{ICS ’99}},
	Url = {{http://doi.acm.org/10.1145/305138.305189}},
	author = {Sherwood, Timothy and Calder, Brad and Emer, Joel},
	title = {{Reducing Cache Misses Using Hardware and Software Page Placement}},
	pages = {155-164},
	year = {1999},
	doi = {10.1145/305138.305189},
	tags = "Cache"
}

@inproceedings{Lin08Gaining,
	booktitle = {{HPCA}},
	Issn = {{1530-0897}},
	Keywords = {{cache storage;multi-threading;multiprocessing systems;operating system kernels;quality of service;OS kernel;QoS;SPEC CPU2006 benchmark;cache sharing;dynamic cache partitioning;memory address mapping;multicore processor utilization;operating system;optimization;quality of service;static cache partitioning;Computational modeling;Computer simulation;Hardware;Kernel;Multicore processing;Operating systems;Quality of service;Runtime;Software performance;Yarn}},
	author = {Lin, Jiang and Lu, Qingda and Ding, Xiaoning and Zhang, Zhao and Zhang, Xiaodong and Sadayappan, P.},
	title = {{Gaining insights into multicore cache partitioning: Bridging the gap between simulation and real systems}},
	pages = {367-378},
	year = {2008},
	doi = {10.1109/HPCA.2008.4658653},
	tags = "Cache"
}

@article{Hashemi97Efficient,
	Acmid = {{258931}},
	address = {{New York, NY, USA}},
	booktitle = {{Proceedings of the ACM SIGPLAN 1997 Conference on Programming Language Design and Implementation}},
	Isbn = {{0-89791-907-6}},
	Issn = {{0362-1340}},
	Issue_date = {{May 1997}},
	Location = {{Las Vegas, Nevada, USA}},
	Month = {{may}},
	Numpages = {{12}},
	publisher = {{ACM}},
	Series = {{PLDI ’97}},
	Url = {{http://doi.acm.org/10.1145/258916.258931}},
	author = {Hashemi, Amir H. and Kaeli, David R. and Calder, Brad},
	title = {{Efficient Procedure Mapping Using Cache Line Coloring}},
	journal = {{SIGPLAN Not.}},
	volume = {32},
	number = {5},
	pages = {171-182},
	year = {1997},
	doi = {10.1145/258916.258931},
	tags = "Cache"
}

@inproceedings{Cui12Highly,
	booktitle = {{IPDPS}},
	Issn = {{1530-2075}},
	Keywords = {{graphics processing units;parallel algorithms;parallel architectures;tree data structures;HP-RDA;NVIDIA GPU;SPMD execution model;hash table;highly-parallel reuse distance analysis algorithm;hybrid data structure;local arrays;memory access traces;memory system behavior;probabilistic model;runtime approach;sequential algorithm;tree representation;tree-based data structures;Algorithm design and analysis;Arrays;Graphics processing unit;Instruction sets;Merging;Probabilistic logic;GPU acceleration;Reuse distance;hash table}},
	author = {Cui, Huimin and Yi, Qing and Xue, Jingling and Wang, Lei and Yang, Yang and Feng, Xiaobing},
	title = {{A Highly Parallel Reuse Distance Analysis Algorithm on GPUs}},
	pages = {1080-1092},
	year = {2012},
	doi = {10.1109/IPDPS.2012.100},
	tags = "Cache, GPU"
}

@misc{Drepper07What,
	howpublished = {{\url{http://people.redhat.com/drepper/cpumemory.pdf}}},
	author = {Drepper, Ulrich},
	title = {{What every programmer should know about memory}},
	year = {2007},
	tags = "Reference, Linux"
}

@inproceedings{Tam09RapidMRC,
	Acmid = {{1508259}},
	address = {{New York, NY, USA}},
	booktitle = {{Proceedings of the 14th International Conference on Architectural Support for Programming Languages and Operating Systems}},
	Isbn = {{978-1-60558-406-5}},
	Keywords = {{cache management, cache partitioning, chip multiprocessor, dynamic optimization, hardware performance counters, miss rate curve, multicore processor, online optimization, performance monitoring unit, shared cache, shared cache management}},
	Location = {{Washington, DC, USA}},
	Numpages = {{12}},
	publisher = {{ACM}},
	Series = {{ASPLOS XIV}},
	Url = {{http://doi.acm.org/10.1145/1508244.1508259}},
	author = {Tam, David K. and Azimi, Reza and Soares, Livio B. and Stumm, Michael},
	title = {{RapidMRC: Approximating L2 Miss Rate Curves on Commodity Systems for Online Optimizations}},
	pages = {121-132},
	year = {2009},
	doi = {10.1145/1508244.1508259},
	tags = "Cache"
}

@inproceedings{Chilimbi99Cacheconscious,
	Acmid = {{301633}},
	address = {{New York, NY, USA}},
	booktitle = {{Proceedings of the ACM SIGPLAN 1999 Conference on Programming Language Design and Implementation}},
	Isbn = {{1-58113-094-5}},
	Keywords = {{cache-conscious allocation, cache-conscious data placement, cache-conscious reorganization, clustering, coloring}},
	Location = {{Atlanta, Georgia, USA}},
	Numpages = {{12}},
	publisher = {{ACM}},
	Series = {{PLDI ’99}},
	Url = {{http://doi.acm.org/10.1145/301618.301633}},
	author = {Chilimbi, Trishul M. and Hill, Mark D. and Larus, James R.},
	title = {{Cache-conscious Structure Layout}},
	pages = {1-12},
	year = {1999},
	doi = {10.1145/301618.301633},
	tags = "Cache"
}

@inproceedings{Calder98Cacheconscious,
	Acmid = {{291036}},
	address = {{New York, NY, USA}},
	booktitle = {{ACM SIGPLAN Notices}},
	Isbn = {{1-58113-107-0}},
	Location = {{San Jose, California, USA}},
	Numpages = {{11}},
	publisher = {{ACM}},
	Series = {{ASPLOS VIII}},
	Url = {{http://doi.acm.org/10.1145/291069.291036}},
	author = {Calder, Brad and Krintz, Chandra and John, Simmi and Austin, Todd},
	title = {{Cache-conscious Data Placement}},
	volume = {33},
	pages = {139-149},
	year = {1998},
	doi = {10.1145/291069.291036},
	tags = "Cache"
}

@inproceedings{Eklov11Cache,
	address = {{Los Alamitos, CA, USA}},
	booktitle = {{Parallel Processing (ICPP), 2011 International Conference on}},
	Issn = {{0190-3918}},
	Keywords = {{cache storage;Nehalem based test system;Pirate application;Target application;application performance measurement;cache pirating;off-chip bandwidth measurement;performance counter;shared cache capacity;Bandwidth;Benchmark testing;Hardware;Instruction sets;Radiation detectors;Size measurement;Throughput;cache performance;memory bandwidth;memory system;multicore performance;performance analysis}},
	publisher = {{IEEE Computer Society}},
	author = {Eklov, D. and Nikoleris, N. and Black-Schaffer, D. and Hagersten, E.},
	title = {{Cache Pirating: Measuring the Curse of the Shared Cache}},
	pages = {165-175},
	year = {2011},
	doi = {10.1109/ICPP.2011.15},
	tags = "Cache"
}

@inproceedings{Perarnau11Controlling,
	Acmid = {{1995942}},
	address = {{New York, NY, USA}},
	booktitle = {{Proceedings of the International Conference on Supercomputing}},
	Isbn = {{978-1-4503-0102-2}},
	Keywords = {{cache partitionning, page coloring, working set}},
	Location = {{Tucson, Arizona, USA}},
	Numpages = {{10}},
	publisher = {{ACM}},
	Series = {{ICS ’11}},
	Url = {{http://doi.acm.org/10.1145/1995896.1995942}},
	author = {Perarnau, Swann and Tchiboukdjian, Marc and Huard, Guillaume},
	title = {{Controlling Cache Utilization of HPC Applications}},
	pages = {295-304},
	year = {2011},
	doi = {10.1145/1995896.1995942},
	tags = "Cache, Memo"
}

@inproceedings{Perarnau11Controllingb,
	Acmid = {{1995942}},
	address = {{New York, NY, USA}},
	booktitle = {{Proceedings of the International Conference on Supercomputing}},
	Isbn = {{978-1-4503-0102-2}},
	Keywords = {{cache partitionning, page coloring, working set}},
	Location = {{Tucson, Arizona, USA}},
	Numpages = {{10}},
	publisher = {{ACM}},
	Series = {{ICS ’11}},
	Url = {{http://doi.acm.org/10.1145/1995896.1995942}},
	author = {Perarnau, Swann and Tchiboukdjian, Marc and Huard, Guillaume},
	title = {{Controlling Cache Utilization of HPC Applications}},
	pages = {295-304},
	year = {2011},
	doi = {10.1145/1995896.1995942},
	tags = "Cache, Memo"
}

@inproceedings{Cho06Managing,
	address = {{Los Alamitos, CA, USA}},
	booktitle = {{Microarchitecture, 2006. MICRO-39. 39th Annual IEEE/ACM International Symposium on}},
	Issn = {{1072-4451}},
	Keywords = {{cache storage;microprocessor chips;multiprocessing systems;storage allocation;OS-level page allocation;OS-micro architecture;distributed L2 cache management;multicore processor design;Bandwidth;Computer science;Delay;Design optimization;Equations;Hardware;Multicore processing;Network-on-a-chip;Telecommunication traffic;Tiles}},
	publisher = {{IEEE Computer Society}},
	author = {Cho, Sangyeun and Jin, Lei},
	title = {{Managing Distributed, Shared L2 Caches through OS-Level Page Allocation}},
	pages = {455-468},
	year = {2006},
	doi = {10.1109/MICRO.2006.31},
	tags = "Cache"
}

@inproceedings{Hsu06Communist,
	Acmid = {{1152161}},
	address = {{New York, NY, USA}},
	booktitle = {{Proceedings of the 15th International Conference on Parallel Architectures and Compilation Techniques}},
	Isbn = {{1-59593-264-X}},
	Keywords = {{cache, multiprocessor, partitioning, performance}},
	Location = {{Seattle, Washington, USA}},
	Numpages = {{10}},
	publisher = {{ACM}},
	Series = {{PACT ’06}},
	Url = {{http://doi.acm.org/10.1145/1152154.1152161}},
	author = {Hsu, Lisa R. and Reinhardt, Steven K. and Iyer, Ravishankar and Makineni, Srihari},
	title = {{Communist, Utilitarian, and Capitalist Cache Policies on CMPs: Caches As a Shared Resource}},
	pages = {13-22},
	year = {2006},
	doi = {10.1145/1152154.1152161},
	tags = "Cache"
}

@inproceedings{Katti12Competitive,
	booktitle = {{Parallel Distributed Processing Symposium (IPDPS), 2012 IEEE 26th International}},
	Issn = {{1530-2075}},
	Keywords = {{cache storage;knowledge based systems;multiprocessing programs;CRA;GLOBAL-MAXIMA;RR-PROC-MARK;cache replacement algorithms;competitive cache replacement strategies;disjoint full knowledge case;multicore environments;shared cache environments;Algorithm design and analysis;Analytical models;Computational modeling;Multicore processing;Optimized production technology;Partitioning algorithms;Upper bound;cache hierarchy;cache replacement;caching;full knowledge;inclusion property;interleaved request sequence;multicore;shared cache}},
	author = {Katti, A. K. and Ramachandran, V.},
	title = {{Competitive Cache Replacement Strategies for Shared Cache Environments}},
	pages = {215-226},
	year = {2012},
	doi = {10.1109/IPDPS.2012.29},
	tags = "Cache"
}

@article{Gupta13Locality,
	Issn = {{0743-7315}},
	Keywords = {{Locality of references; Probability; Memory hierarchy; Last level cache; Cache replacement policy; Data prefetching; Locality optimizations }},
	Note = {{<ce:title>Best Papers: International Parallel and Distributed Processing Symposium (IPDPS) 2010, 2011 and 2012</ce:title> }},
	Url = {{http://www.sciencedirect.com/science/article/pii/S0743731513000117}},
	author = {Gupta, Saurabh and Xiang, Ping and Yang, Yi and Zhou, Huiyang},
	title = {{Locality principle revisited: A probability-based quantitative approach }},
	journal = {{Journal of Parallel and Distributed Computing }},
	volume = {73},
	number = {7},
	pages = {1011-1027},
	year = {2013},
	doi = {http://dx.doi.org/10.1016/j.jpdc.2013.01.010},
	tags = "Cache"
}

@techreport{Frumkin03Arithmetic,
	institution = {{NASA Technical Report NAS-03-005}},
	author = {Frumkin, Michael A. and Shabanov, Leonid},
	title = {{Arithmetic Data Cube as a Data Intensive Benchmark}},
	year = {2003},
	tags = "Benchmark"
}

@techreport{Feng04Unstructured,
	institution = {{NASA Technical Report NAS-04-006}},
	author = {Feng, Huiyu and Van der Wijngaart, Rob F. and Biswas, Rupak and Mavriplis, Catherine},
	title = {{Unstructured Adaptive (UA) NAS Parallel Benchmark, Version 1.0}},
	volume = {6},
	year = {2004},
	tags = "Benchmark"
}

@inproceedings{Qureshi06UtilityBased,
	booktitle = {{Microarchitecture, 2006. MICRO-39. 39th Annual IEEE/ACM International Symposium on}},
	Issn = {{1072-4451}},
	Keywords = {{cache storage;logic partitioning;microprocessor chips;multiprogramming;resource allocation;LRU policy;LRU-based cache partitioning;multiprogrammed workloads;on-chip cache resource;runtime mechanism;utility-based cache partitioning;Application software;Circuits;Hardware;Monitoring;Multicore processing;Partitioning algorithms;Resource management;Runtime;Yarn}},
	author = {Qureshi, M. K. and Patt, Y. N.},
	title = {{Utility-Based Cache Partitioning: A Low-Overhead, High-Performance, Runtime Mechanism to Partition Shared Caches}},
	pages = {423-432},
	year = {2006},
	doi = {10.1109/MICRO.2006.49},
	tags = "Cache"
}

@inproceedings{Luk05Pin,
	Acmid = {{1065034}},
	address = {{New York, NY, USA}},
	booktitle = {{Proceedings of the 2005 ACM SIGPLAN Conference on Programming Language Design and Implementation}},
	Isbn = {{1-59593-056-6}},
	Keywords = {{dynamic compilation, instrumentation, program analysis tools}},
	Location = {{Chicago, IL, USA}},
	Numpages = {{11}},
	publisher = {{ACM}},
	Series = {{PLDI ’05}},
	Url = {{http://doi.acm.org/10.1145/1065010.1065034}},
	author = {Luk, Chi-Keung and Cohn, Robert and Muth, Robert and Patil, Harish and Klauser, Artur and Lowney, Geoff and Wallace, Steven and Reddi, Vijay Janapa and Hazelwood, Kim},
	title = {{Pin: Building Customized Program Analysis Tools with Dynamic Instrumentation}},
	pages = {190-200},
	year = {2005},
	doi = {10.1145/1065010.1065034},
	tags = "Profiling tools"
}

@inproceedings{Beyls01Reuse,
	booktitle = {{Proceedings of the IASTED Conference on Parallel and Distributed Computing and systems}},
	Language = {{eng}},
	author = {Beyls, Kristof and D’Hollander, Erik},
	title = {{Reuse Distance as a Metric for Cache Behavior.}},
	volume = {14},
	pages = {617-622},
	year = {2001},
	tags = "Cache"
}

@inproceedings{Soares08Reducing,
	Acmid = {{1521800}},
	address = {{Washington, DC, USA}},
	booktitle = {{Proceedings of the 41st Annual IEEE/ACM International Symposium on Microarchitecture}},
	Isbn = {{978-1-4244-2836-6}},
	Numpages = {{12}},
	publisher = {{IEEE Computer Society}},
	Series = {{MICRO 41}},
	Url = {{http://dx.doi.org/10.1109/MICRO.2008.4771796}},
	author = {Soares, Livio and Tam, David and Stumm, Michael},
	title = {{Reducing the Harmful Effects of Last-level Cache Polluters with an OS-level, Software-only Pollute Buffer}},
	pages = {258-269},
	year = {2008},
	doi = {10.1109/MICRO.2008.4771796},
	tags = "Cache"
}

@phdthesis{Perarnau11Environnements,
	Affiliation = {{MOAIS - INRIA Grenoble Rhône-Alpes / LIG Laboratoire d’Informatique de Grenoble}},
	Hal_id = {{tel-00650047}},
	Keywords = {{Charge processeur;Coloration de page;Analyse de performance;Génération de graphes;Algorithmes d’ordonnancement}},
	Language = {{Fran\c cais}},
	month = {{Dec}},
	Pdf = {{http://tel.archives-ouvertes.fr/tel-00650047/PDF/22660_PERARNAU_2011_archivage.pdf}},
	school = {{Université de Grenoble}},
	Url = {{http://tel.archives-ouvertes.fr/tel-00650047}},
	author = {Perarnau, Swann},
	title = {{Environnements pour l’analyse expérimentale d’applications de calcul haute performance}},
	year = {2011},
	tags = "Cache, Memo"
}

@article{Kessler92Page,
	Acmid = {{138876}},
	Address = {{New York, NY, USA}},
	Issn = {{0734-2071}},
	Issue_date = {{Nov. 1992}},
	Month = {{nov}},
	Numpages = {{22}},
	Publisher = {{ACM}},
	Url = {{http://doi.acm.org/10.1145/138873.138876}},
	author = {Kessler, R. E. and Hill, Mark D.},
	title = {{Page Placement Algorithms for Large Real-indexed Caches}},
	journal = {{ACM Trans. Comput. Syst.}},
	volume = {10},
	number = {4},
	pages = {338-359},
	year = {1992},
	doi = {10.1145/138873.138876},
	tags = "Cache"
}

@inproceedings{Lu09SoftOLP,
	booktitle = {{Parallel Architectures and Compilation Techniques, 2009. PACT ’09. 18th International Conference on}},
	Issn = {{1089-795X}},
	Keywords = {{Linux;cache storage;multiprocessing programs;object-oriented programming;software performance evaluation;Linux;data access;hardware cache performance;heuristic algorithm;memory-intensive programs;multicore processors;soft-OLP;software-based object-level cache partitioning;software-controlled object-level partitioning;Benchmark testing;Degradation;Hardware;Histograms;Interference;Kernel;Multicore processing;Pattern recognition;Runtime;Sampling methods;Cache Partitioning;Page Coloring;Reuse Distance;Software-Controlled Caching}},
	author = {Lu, Qingda and Lin, Jiang and Ding, Xiaoning and Zhang, Zhao and Zhang, Xiaodong and Sadayappan, P.},
	title = {{Soft-OLP: Improving Hardware Cache Performance through Software-Controlled Object-Level Partitioning}},
	pages = {246-257},
	year = {2009},
	doi = {10.1109/PACT.2009.35},
	tags = "Cache"
}

@inproceedings{Ding11ULCC,
	Acmid = {{1941568}},
	address = {{New York, NY, USA}},
	booktitle = {{PPOPP}},
	Isbn = {{978-1-4503-0119-0}},
	Keywords = {{cache, multicore, scientific computing}},
	Location = {{San Antonio, TX, USA}},
	Numpages = {{10}},
	publisher = {{ACM}},
	Series = {{PPoPP ’11}},
	Url = {{http://doi.acm.org/10.1145/1941553.1941568}},
	author = {Ding, Xiaoning and Wang, Kaibo and Zhang, Xiaodong},
	title = {{ULCC: A User-level Facility for Optimizing Shared Cache Performance on Multicores}},
	pages = {103-112},
	year = {2011},
	doi = {10.1145/1941553.1941568},
	tags = "Cache"
}

@inproceedings{Beniamine13Cartographier,
	address = {{Grenoble, France}},
	booktitle = {{ComPAS'2013 / RenPar'21}},
	organisation = {{Inria Grenoble}},
	author = {Beniamine, David},
	title = {{Cartographier la mémoire virtuelle d’une application de calcul scientifique}},
	year = {2013},
	tags = "Perso, Memo, Cache"
}

@article{Rosales13Porting,
	author = {Rosales, C.},
	title = {{Porting to the Intel Xeon Phi: Opportunities and Challenges}},
	year = {2013},
}

@inproceedings{Cohen95ICOLLID,
	Acmid = {{199437}},
	address = {{New York, NY, USA}},
	booktitle = {{Proceedings of the 1995 Symposium on Interactive 3D Graphics}},
	Isbn = {{0-89791-736-7}},
	Location = {{Monterey, California, USA}},
	publisher = {{ACM}},
	Series = {{I3D ’95}},
	Url = {{http://doi.acm.org/10.1145/199404.199437}},
	author = {Cohen, Jonathan D. and Lin, Ming C. and Manocha, Dinesh and Ponamgi, Madhav},
	title = {{I-COLLIDE: An Interactive and Exact Collision Detection System for Large-scale Environments}},
	pages = {189},
	year = {1995},
	doi = {10.1145/199404.199437},
	tags = "Physical simulation, collision"
}

@inproceedings{Aila09Understanding,
	Acmid = {{1572792}},
	address = {{New York, NY, USA}},
	booktitle = {{High Performance Graphics}},
	Isbn = {{978-1-60558-603-8}},
	Keywords = {{SIMD, SIMT, ray tracing}},
	Location = {{New Orleans, Louisiana}},
	Numpages = {{5}},
	publisher = {{ACM}},
	Series = {{HPG ’09}},
	Url = {{http://doi.acm.org/10.1145/1572769.1572792}},
	author = {Aila, Timo and Laine, Samuli},
	title = {{Understanding the Efficiency of Ray Traversal on GPUs}},
	pages = {145-149},
	year = {2009},
	doi = {10.1145/1572769.1572792},
	tags = "collision"
}

@article{Reshetov05Multilevel,
	Acmid = {{1073329}},
	Address = {{New York, NY, USA}},
	Issn = {{0730-0301}},
	Issue_date = {{July 2005}},
	Keywords = {{anti-aliasing, frustum occlusion culling, ray-tracing}},
	Month = {{jul}},
	Numpages = {{10}},
	Publisher = {{ACM}},
	Url = {{http://doi.acm.org/10.1145/1073204.1073329}},
	author = {Reshetov, Alexander and Soupikov, Alexei and Hurley, Jim},
	title = {{Multi-level Ray Tracing Algorithm}},
	journal = {{ACM Trans. Graph.}},
	volume = {24},
	number = {3},
	pages = {1176-1185},
	year = {2005},
	doi = {10.1145/1073204.1073329},
	tags = "Physical simulation"
}

@article{Wald07Ray,
	Acmid = {{1206075}},
	Address = {{New York, NY, USA}},
	Articleno = {{6}},
	Issn = {{0730-0301}},
	Issue_date = {{January 2007}},
	Month = {{jan}},
	Publisher = {{ACM}},
	Url = {{http://doi.acm.org/10.1145/1189762.1206075}},
	author = {Wald, Ingo and Boulos, Solomon and Shirley, Peter},
	title = {{Ray Tracing Deformable Scenes Using Dynamic Bounding Volume Hierarchies}},
	journal = {{ACM Trans. Graph.}},
	volume = {26},
	number = {1},
	year = {2007},
	doi = {10.1145/1189762.1206075},
	tags = "Physical simulation"
}

@inproceedings{Faucher11Advanced,
	address = {{Corfu Greece}},
	booktitle = {{COMPDYN 2011}},
	publisher = {{ECCOMAS}},
	Url = {{http://2011.compdyn.org/images/pdf.png}},
	author = {Faucher V.},
	title = {{Advanced parallel computing for explosive fluid-structure interaction}},
	pages = {1159-1165},
	year = {2011},
	tags = "Physical simulation, Europlexus"
}

@inproceedings{Nesme09Preserving,
	Acmid = {{1531358}},
	address = {{New York, NY, USA}},
	Articleno = {{52}},
	booktitle = {{ACM SIGGRAPH 2009 Papers}},
	Isbn = {{978-1-60558-726-4}},
	Keywords = {{animation, embedded deformation, finite element method, heterogeneous materials, simulation}},
	Location = {{New Orleans, Louisiana}},
	Numpages = {{9}},
	publisher = {{ACM}},
	Series = {{SIGGRAPH ’09}},
	Url = {{http://doi.acm.org/10.1145/1576246.1531358}},
	author = {Nesme, Matthieu and Kry, Paul G. and JeRabkova, Lenka and Faure, François},
	title = {{Preserving Topology and Elasticity for Embedded Deformable Models}},
	pages = {52-1},
	year = {2009},
	doi = {10.1145/1576246.1531358},
	tags = "Sofa, Physical simulation"
}

@inproceedings{Faure11Sparse,
	Acmid = {{1964968}},
	address = {{New York, NY, USA}},
	Articleno = {{73}},
	booktitle = {{ACM SIGGRAPH 2011 Papers}},
	Isbn = {{978-1-4503-0943-1}},
	Keywords = {{deformable solid, meshless model, physically based animation}},
	Location = {{Vancouver, British Columbia, Canada}},
	Numpages = {{10}},
	publisher = {{ACM}},
	Series = {{SIGGRAPH ’11}},
	Url = {{http://doi.acm.org/10.1145/1964921.1964968}},
	author = {Faure, François and Gilles, Benjamin and Bousquet, Guillaume and Pai, Dinesh K.},
	title = {{Sparse Meshless Models of Complex Deformable Solids}},
	pages = {73-1},
	year = {2011},
	doi = {10.1145/1964921.1964968},
	tags = "Sofa, Physical simulation"
}

@inproceedings{Tang11CollisionStreams,
	booktitle = {{I3D ’11: Proceedings of the 2011 ACM SIGGRAPH symposium on Interactive 3D Graphics and Games}},
	Location = {{San Fransisco, CA}},
	author = {Tang, Min and Manocha, Dinesh and Lin, Jiang and Tong, Ruofeng},
	title = {{Collision-Streams: Fast GPU-based collision detection for deformable models}},
	pages = {63-70},
	year = {2011},
	tags = "Physical simulation"
}

@article{Tang13GPUbased,
	author = {Tang, Min and Tong, Ruofeng and Narain, Rahul and Meng, Chang and Manocha, Dinesh},
	title = {{A GPU-based Streaming Algorithm for High-Resolution Cloth Simulation}},
	journal = {{Computer Graphics Forum}},
	volume = {32},
	number = {7},
	pages = {21-30},
	year = {2013},
	tags = "GPU, Physical simulation"
}

@inproceedings{Toss13Parallel,
	booktitle = {{WSPPD 2013 - XI Workshop de Processamento Paralelo e Distribuído}},
	Url = {{http://inf.ufrgs.br/gppd/wsppd/2013/papers/wsppd2013_submission_15.pdf.mod.pdf}},
	author = {Toss, Julio and Comba, Joao},
	title = {{Parallel Voronoi Diagram computation on scaled distance planes using CUDA}},
	year = {2013},
	tags = "GPU, Sofa"
}

@mastersthesis{Beniamine13Impact,
	Abstract = {{High Performance Computing machines use more and more Graphical Processing Units as they are very efficient for homogeneous computation such as matrix operations. However before using these accelerators, one has to transfer data from the processor to them. Such a transfer can be slow. In this report, our aim is to study the impact of communication times on the makespan of a scheduling. Indeed, with a better anticipation of these communications, we could use the GPUs even more efficiently. More precisely, we will focus on machines with one or more GPUs and on applications with a low ratio of computations over communications. During this study, we have implemented two offline scheduling algorithms within XKAAPI’s runtime. Then we have led an experimental study, combining these algorithms to highlight the impact of communication times. Finally our study has shown that, by using communication aware scheduling algorithms, we can reduce substantially the makespan of an application. Our experiments have shown a reduction of this makespan up to $64%$ on a machine with several GPUs executing homogeneous computations.}},
	address = {{Grenoble}},
	Affiliation = {{MOAIS - INRIA Grenoble Rhône-Alpes / LIG Laboratoire d’Informatique de Grenoble}},
	Audience = {{nationale }},
	Hal_id = {{hal-00924020}},
	Language = {{Anglais}},
	month = {{Jun}},
	Url = {{http://hal.inria.fr/hal-00924020}},
	author = {Beniamine, David},
	title = {{Impact of communication times on mixed CPU/GPU applications scheduling using KAAPI}},
	pages = {36},
	year = {2013},
	tags = "Perso, Memo, Scheduling"
}

@inproceedings{Blumofe95Cilk,
	Acmid = {{209958}},
	address = {{New York, NY, USA}},
	booktitle = {{Proceedings of the Fifth ACM SIGPLAN Symposium on Principles and Practice of Parallel Programming}},
	Isbn = {{0-89791-700-6}},
	Location = {{Santa Barbara, California, USA}},
	Numpages = {{10}},
	publisher = {{ACM}},
	Series = {{PPOPP ’95}},
	Url = {{http://doi.acm.org/10.1145/209936.209958}},
	author = {Blumofe, Robert D. and Joerg, Christopher F. and Kuszmaul, Bradley C. and Leiserson, Charles E. and Randall, Keith H. and Zhou, Yuli},
	title = {{Cilk: An Efficient Multithreaded Runtime System}},
	pages = {207-216},
	year = {1995},
	doi = {10.1145/209936.209958},
	tags = "Parallel Runtimes"
}

@inproceedings{Kedad-Sidhoum13Scheduling,
	booktitle = {{11th HeteroPar 2013 Workshop}},
	author = {Kedad-Sidhoum, Safia and Monna, Florence and Mounié, Grégory and Trystram, Denis},
	title = {{Scheduling Independent Tasks on Multi-cores with GPU Accelerators}},
	year = {2013},
	tags = "GPU"
}

@inproceedings{Ferreira12Exploiting,
	booktitle = {{24rd International Symposium on Computer Architecture and High Performance Computing (SBAC-PAD)}},
	author = {Ferreira Lima, Joao Vicente and Gautier, Thierry and Maillard, Nicolas and Danjean, Vincent},
	title = {{Exploiting Concurrent GPU Operations for Efficient Work Stealing on Multi-GPUs}},
	year = {2012},
	tags = "Parallel Runtimes"
}

@article{Agullo10PLASMA,
	author = {Agullo, Emmanuel and Dongarra, Jack and Hadri, Bilel and Kuzak, Jackub and Langou, Julie and Langou, Julien and Ltaief, Hatem and Luszczek, Piotr and YarKhan, Asim},
	title = {{PLASMA Users’ Guide, Parallel Linear Algebra Software for Multicore Architecture}},
	journal = {{University of Tennessee}},
	year = {2010},
	tags = "Linear Algebra"
}

@inproceedings{Gautier07KAAPI,
	Author:corp = {{ACM}},
	booktitle = {{Proceedings of the 2007 international workshop on Parallel symbolic computation}},
	author = {Gautier, Thierry and Besseron, Xavier and Pigeon, Laurent},
	title = {{KAAPI: A thread scheduling runtime system for data flow computations on cluster of multi-processors}},
	pages = {15-23},
	year = {2007},
	tags = "Parallel Runtimes, Memo"
}

@misc{Grid5000,
	howpublished = {{\url{https://www.grid5000.fr}}},
}

@inproceedings{Treibig10LIKWID,
	address = {{San Diego CA}},
	booktitle = {{Proceedings of PSTI2010, the First International Workshop on Parallel Software Tools and Tool Infrastructures}},
	author = {Treibig, J. and Hager, G. and Wellein, G.},
	title = {{LIKWID: A lightweight performance-oriented tool suite for x86 multicore environments}},
	year = {2010},
	tags = "Profiling tools"
}

@inproceedings{Kufrin05Perfsuite,
	booktitle = {{6th International Conference on Linux Clusters: The HPC Revolution}},
	author = {Kufrin, Rick},
	title = {{Perfsuite: An accessible, open source performance analysis environment for linux}},
	volume = {151},
	pages = {05},
	year = {2005},
	tags = "Profiling tools"
}

@inproceedings{Malony11Parallel,
	booktitle = {{Parallel Processing (ICPP), 2011 International Conference on}},
	Issn = {{0190-3918}},
	Keywords = {{computer graphic equipment;coprocessors;parallel architectures;performance evaluation;CUPTI tool support;HPC tools;NVIDIA CUDA device library;PAPI;SHOC suite;TAU performance system;Vampir;heterogeneous parallel computing;host GPU measurement approaches;parallel performance measurement;Graphics processing unit;Hardware;Kernel;Libraries;Performance evaluation;Radiation detectors;GPU;PAPI;TAU;Vampir;performance analysis}},
	Month = {{Sept}},
	author = {Malony, A. D. and Biersdorff, S. and Shende, S. and Jagode, H. and Tomov, S. and Juckeland, G. and Dietrich, R. and Poole, D. and Lamb, C.},
	title = {{Parallel Performance Measurement of Heterogeneous Parallel Systems with GPUs}},
	pages = {176-185},
	year = {2011},
	doi = {10.1109/ICPP.2011.71},
	tags = "Profiling tools"
}

@article{Browne00Portable,
	Url = {{http://hpc.sagepub.com/content/14/3/189.abstract}},
	author = {Browne, S. and Dongarra, J. and Garner, N. and Ho, G. and Mucci, P.},
	title = {{A Portable Programming Interface for Performance Evaluation on Modern Processors}},
	journal = {{International Journal of High Performance Computing Applications}},
	volume = {14},
	number = {3},
	pages = {189-204},
	year = {2000},
	doi = {10.1177/109434200001400303},
	tags = "Profiling tools"
}

@inproceedings{Weaver13PAPI,
	booktitle = {{Performance Analysis of Systems and Software (ISPASS), 2013 IEEE International Symposium on}},
	Keywords = {{application program interfaces;cloud computing;microprocessor chips;operating systems (computers);power aware computing;virtual machines;GPU;PAPI interface;PAPI library;VM;cloud computing;component architecture;diverse collection;energy consumption;energy usage;hardware performance;machine code;measurement code;measuring energy;measuring power;modern microprocessors;network interfaces;performance infrastructure;portable access;power meters;processor densities;processor metrics monitoring;thermal properties;thermal response;thermal sensors;time code;underlying interface;virtual machines;Educational institutions;Hardware;Measurement;Radiation detectors;Registers;Virtual machining;Virtualization}},
	Month = {{April}},
	author = {Weaver, V. M. and Terpstra, D. and McCraw, H. and Johnson, M. and Kasichayanula, K. and Ralph, J. and Nelson, J. and Mucci, P. and Mohan, T. and Moore, S.},
	title = {{PAPI 5: Measuring power, energy, and the cloud}},
	pages = {124-125},
	year = {2013},
	doi = {10.1109/ISPASS.2013.6557155},
	tags = "Profiling tools"
}

@inproceedings{Boeing07Evaluation,
	Acmid = {{1321312}},
	address = {{New York, NY, USA}},
	booktitle = {{Proceedings of the 5th International Conference on Computer Graphics and Interactive Techniques in Australia and Southeast Asia}},
	Isbn = {{978-1-59593-912-8}},
	Keywords = {{dynamic simulation, evaluation, physics engine}},
	Location = {{Perth, Australia}},
	Numpages = {{8}},
	publisher = {{ACM}},
	Series = {{GRAPHITE ’07}},
	Url = {{http://doi.acm.org/10.1145/1321261.1321312}},
	author = {Boeing, Adrian and Bräunl, Thomas},
	title = {{Evaluation of Real-time Physics Simulation Systems}},
	pages = {281-288},
	year = {2007},
	doi = {10.1145/1321261.1321312},
	tags = "Physical simulation"
}

@inproceedings{Hermann09Interactive,
	Abstract = {{In this paper we propose a parallelization of interactive physical simulations. Our approach relies on a task parallelism where the code is instrumented to mark tasks and shared data between tasks, as well as parallel loops even if they have dynamics conditions. Prior to running a simulation step, we extract a task dependency graph that is partitioned to define the task distribution between processors. To limit the overhead of graph partitioning and favor memory locality, we intend to limit the partitioning changes from one iteration to the other. This approach has a low impact on physics algorithms as parallelism is mainly extracted from the coordination code. It makes it non parallel programmer friendly. Results show we can obtain good performance gains.}},
	address = {{Munich, Allemagne}},
	Affiliation = {{Laboratoire d’Informatique de Grenoble - LIG , MOAIS - INRIA Grenoble Rhône-Alpes / LIG Laboratoire d’Informatique de Grenoble , Laboratoire d’Informatique Fondamentale d’Orléans - LIFO , EVASION - INRIA Grenoble Rhône-Alpes / LJK Laboratoire Jean Kuntzmann , Université Joseph Fourier - Grenoble 1 UJF}},
	Audience = {{internationale }},
	booktitle = {{EGPGV - Eurographics Workhop on Parallel Graphics and Visualization}},
	Hal_id = {{inria-00360131}},
	Language = {{Anglais}},
	Note = {{Ph.D. grant CORDI/INRIA }},
	Pdf = {{http://hal.inria.fr/inria-00360131/PDF/egpgv09.pdf}},
	Url = {{http://hal.inria.fr/inria-00360131}},
	author = {Hermann, Everton and Raffin, Bruno and Faure, Fran\c cois},
	title = {{Interactive Physical Simulation on Multicore Architectures}},
	pages = {1-8},
	year = {2009},
	doi = {10.2312/EGPGV/EGPGV09/001-008 },
	tags = "Physical simulation"
}

@inproceedings{Coumans07COLLADA,
	Acmid = {{1229407}},
	address = {{New York, NY, USA}},
	booktitle = {{Proceedings of the Twelfth International Conference on 3D Web Technology}},
	Isbn = {{978-1-59593-652-3}},
	Keywords = {{COLLADA, X3D, collision detection, content pipeline, games, physics}},
	Location = {{Perugia, Italy}},
	Numpages = {{4}},
	publisher = {{ACM}},
	Series = {{Web3D ’07}},
	Url = {{http://doi.acm.org/10.1145/1229390.1229407}},
	author = {Coumans, Erwin and Victor, Keith},
	title = {{COLLADA Physics}},
	pages = {101-104},
	year = {2007},
	doi = {10.1145/1229390.1229407},
	tags = "Physical simulation"
}

@mastersthesis{Seugling06Evaluation,
	address = {{SE-901 87 Umeå, Sweden}},
	month = {{March}},
	school = {{Umeå University}},
	author = {Seugling, A and  Rölin, M.},
	title = {{Evaluation of Physics Engines and Implementation of a Physics Module in a 3D-Authoring Tool}},
	year = {2006},
	tags = "Physical simulation"
}

@article{Maciel09Using,
	Issn = {{1478-596X}},
	Keywords = {{computer graphics, interaction techniques, physics-based simulation, minimally invasive surgery, user interfaces–haptic I/O}},
	Publisher = {{John Wiley & Sons, Ltd.}},
	Url = {{http://dx.doi.org/10.1002/rcs.266}},
	author = {Maciel, Anderson and Halic, Tansel and Lu, Zhonghua and Nedel, Luciana P. and De, Suvranu},
	title = {{Using the PhysX engine for physics-based virtual surgery with force feedback}},
	journal = {{The International Journal of Medical Robotics and Computer Assisted Surgery}},
	volume = {5},
	number = {3},
	pages = {341-353},
	year = {2009},
	doi = {10.1002/rcs.266},
	tags = "Physical simulation"
}

@inproceedings{Marks07Evaluation,
	Acmid = {{1321311}},
	address = {{New York, NY, USA}},
	booktitle = {{Proceedings of the 5th International Conference on Computer Graphics and Interactive Techniques in Australia and Southeast Asia}},
	Isbn = {{978-1-59593-912-8}},
	Keywords = {{collaborative environments, game engines, physically-based animation, simulation systems}},
	Location = {{Perth, Australia}},
	Numpages = {{8}},
	publisher = {{ACM}},
	Series = {{GRAPHITE ’07}},
	Url = {{http://doi.acm.org/10.1145/1321261.1321311}},
	author = {Marks, Stefan and Windsor, John and Wünsche, Burkhard},
	title = {{Evaluation of Game Engines for Simulated Surgical Training}},
	pages = {273-280},
	year = {2007},
	doi = {10.1145/1321261.1321311},
	tags = "Physical simulation"
}

@book{Reinders05VTune,
	publisher = {{Intel Press}},
	author = {Reinders, James},
	title = {{VTune performance analyzer essentials}},
	year = {2005},
	tags = "Profiling tools"
}

@article{Sprunt02basics,
	Issn = {{0272-1732}},
	Keywords = {{microprocessor chips;parallel architectures;performance evaluation;branch prediction;code sequences;event counters;hardware;high-performance processors;performance analysis;performance event detectors;Counting circuits;Detectors;Event detection;Hardware;Image edge detection;Operating systems;Performance analysis;Pipelines;Qualifications;Resource management}},
	Month = {{Jul}},
	author = {Sprunt, B.},
	title = {{The basics of performance-monitoring hardware}},
	journal = {{Micro, IEEE}},
	volume = {22},
	number = {4},
	pages = {64-71},
	year = {2002},
	doi = {10.1109/MM.2002.1028477},
	tags = "Profiling tools"
}

@inproceedings{DeRose02SIGMA,
	Bibsource = {{DBLP, http://dblp.uni-trier.de}},
	booktitle = {{Supercomputing, ACM/IEEE 2002 Conference}},
	Ee = {{http://doi.acm.org/10.1145/762761.762783}},
	Issn = {{1063-9535}},
	Keywords = {{Analytical models;Application software;Benchmark testing;Counting circuits;Data analysis;Data structures;Hardware;Instruments;Measurement;Performance analysis}},
	Month = {{Nov}},
	Url = {{http://dblp.org/db/conf/sc/sc2002.html#RoseEHS02}},
	author = {DeRose, Luiz and Ekanadham, Kattamuri and Hollingsworth, Jeffrey K. and Sbaraglia, Simone.},
	title = {{SIGMA: a simulator infrastructure to guide memory analysis}},
	pages = {1-13},
	year = {2002},
	doi = {10.1109/SC.2002.10055},
	tags = "Profiling tools"
}

@inproceedings{Agarwal86ATUM,
	Acmid = {{17370}},
	address = {{Los Alamitos, CA, USA}},
	booktitle = {{Proceedings of the 13th Annual International Symposium on Computer Architecture}},
	Isbn = {{0-8186-0719-X}},
	Location = {{Tokyo, Japan}},
	Numpages = {{9}},
	publisher = {{IEEE Computer Society Press}},
	series = {{ISCA ’86}},
	Url = {{http://dl.acm.org/citation.cfm?id=17407.17370}},
	author = {Agarwal, A. and Sites, R. L. and Horowitz, M.},
	title = {{ATUM: A New Technique for Capturing Address Traces Using Microcode}},
	volume = {14},
	pages = {119-127},
	year = {1986},
	tags = "Profiling tools"
}

@article{Miller95Paradyn,
	Issn = {{0018-9162}},
	Keywords = {{parallel programming;software performance evaluation;software tools;Paradyn parallel performance measurement tool;Performance Consultant;automatic instrumentation control;dynamic instrumentation;flexible performance information;insertion;large-scale parallel program;Aerodynamics;Automatic control;Debugging;High level languages;Instruments;Large-scale systems;Measurement;Parallel machines;Programming profession;Scalability}},
	Month = {{Nov}},
	author = {Miller, B. P. and Callaghan, M. D. and Cargille, J. M. and Hollingsworth, J. K. and Irvin, R. B. and Karavanic, K. L. and Kunchithapadam, K. and Newhall, T.},
	title = {{The Paradyn parallel performance measurement tool}},
	journal = {{Computer}},
	volume = {28},
	number = {11},
	pages = {37-46},
	year = {1995},
	doi = {10.1109/2.471178},
	tags = "Profiling tools"
}

@incollection{DeRose01Hardware,
	booktitle = {{Euro-Par 2001 Parallel Processing}},
	Chapter = {{Lecture Notes in Computer Science}},
	Isbn = {{978-3-540-42495-6}},
	Language = {{English}},
	publisher = {{Springer Berlin Heidelberg}},
	Url = {{http://dx.doi.org/10.1007/3-540-44681-8_19}},
	author = {DeRose, Luiz A.},
	title = {{The Hardware Performance Monitor Toolkit}},
	volume = {2150},
	pages = {122-132},
	year = {2001},
	doi = {10.1007/3-540-44681-8_19},
	tags = "Profiling tools"
}

@inproceedings{Pillet95PARAVER,
	booktitle = {{Proceedings of WoTUG-18: Transputer and occam Developments}},
	editor = {Nixon, Patrick},
	Isbn = {{90 5199 222 X}},
	Month = {{mar}},
	author = {Pillet, V. and Labarta, J. and Cortes, T. and Girona, S.},
	title = {{PARAVER: A Tool to Visualize and Analyze Parallel Code}},
	pages = {17-31},
	year = {1995},
	tags = "Profiling tools"
}

@inproceedings{Bernat11Anywhere,
	Acmid = {{2024572}},
	address = {{New York, NY, USA}},
	booktitle = {{Proceedings of the 10th ACM SIGPLAN-SIGSOFT Workshop on Program Analysis for Software Tools}},
	Isbn = {{978-1-4503-0849-6}},
	Keywords = {{binary instrumentation, binary rewriting, dynamic instrumentation}},
	Location = {{Szeged, Hungary}},
	Numpages = {{8}},
	publisher = {{ACM}},
	series = {{PASTE ’11}},
	Url = {{http://doi.acm.org/10.1145/2024569.2024572}},
	author = {Bernat, Andrew R. and Miller, Barton P.},
	title = {{Anywhere, Any-time Binary Instrumentation}},
	pages = {9-16},
	year = {2011},
	doi = {10.1145/2024569.2024572},
	tags = "Profiling tools"
}

@incollection{Jost04Paramedir,
	booktitle = {{Computational Science - ICCS 2004}},
	Chapter = {{Lecture Notes in Computer Science}},
	editor = {Bubak, Marian and Albada, GeertDick and Sloot, PeterM. A. and Dongarra, Jack},
	Isbn = {{978-3-540-22114-2}},
	publisher = {{Springer Berlin Heidelberg}},
	Url = {{http://dx.doi.org/10.1007/978-3-540-24685-5_67}},
	author = {Jost, Gabriele and Labarta, Jesus and Gimenez, Judit},
	title = {{Paramedir: A Tool for Programmable Performance Analysis}},
	volume = {3036},
	pages = {466-469},
	year = {2004},
	doi = {10.1007/978-3-540-24685-5_67},
	tags = "Profiling tools"
}

@incollection{Brunst01Performance,
	booktitle = {{Computational Science - ICCS 2001}},
	Chapter = {{Lecture Notes in Computer Science}},
	editor = {Alexandrov, VassilN. and Dongarra, JackJ. and Juliano, BenjoeA. and Renner, RenéS. and Tan, C. J. Kenneth},
	Isbn = {{978-3-540-42233-4}},
	Keywords = {{performance visualization; application tuning; massively parallel programming; scalability; message passing; multi-threading}},
	Language = {{English}},
	publisher = {{Springer Berlin Heidelberg}},
	Url = {{http://dx.doi.org/10.1007/3-540-45718-6_80}},
	author = {Brunst, Holger and Winkler, Manuela and Nagel, WolfgangE. and Hoppe, Hans-Christian},
	title = {{Performance Optimization for Large Scale Computing: The Scalable VAMPIR Approach}},
	volume = {2074},
	pages = {751-760},
	year = {2001},
	doi = {10.1007/3-540-45718-6_80},
	tags = "Profiling tools"
}

@inproceedings{Park00Supporting,
	address = {{Las Vegas}},
	booktitle = {{Proceedings of the Twelth IASTED International Conference on Parallel and Distributed Computing and Systems}},
	author = {Park, I and Voss, M.J. and Amstrong, B and Eigenmann, R},
	title = {{Supporting users’ reasoning in performance evaluation and tuning of parallel applications}},
	year = {2000},
	tags = "Profiling tools"
}

@article{Shende06Tau,
	Eprint = {{http://hpc.sagepub.com/content/20/2/287.full.pdf+html}},
	Url = {{http://hpc.sagepub.com/content/20/2/287.abstract}},
	author = {Shende, Sameer S. and Malony, Allen D.},
	title = {{The Tau Parallel Performance System}},
	journal = {{International Journal of High Performance Computing Applications}},
	volume = {20},
	number = {2},
	pages = {287-311},
	year = {2006},
	doi = {10.1177/1094342006064482},
	tags = "Profiling tools"
}

@techreport{Sunderl07Profiling,
	Hpcxkey = {{HPCxTR0704}},
	institution = {{HPCx Technical Report}},
	Url = {{http://www.hpcx.ac.uk/research/hpc/technical_reports/HPCxTR0704.pdf}},
	author = {Sunderland, Andrew and Porter, Andrew},
	title = {{Profiling parallel performance using vampir and paraver}},
	year = {2007},
	tags = "Profiling tools"
}

@Article{Malladi-VTune,
	title = {{Using Intel® VTune™ Performance Analyzer Event Ratios Effectively}},
	tags = "Profiling tools"
}

@article{Adhianto10HPCTOOLKIT,
	Issn = {{1532-0634}},
	Keywords = {{performance tools, call path profiling, tracing, binary analysis, execution monitoring}},
	Publisher = {{John Wiley & Sons, Ltd.}},
	Url = {{http://dx.doi.org/10.1002/cpe.1553}},
	author = {Adhianto, L. and Banerjee, S. and Fagan, M. and Krentel, M. and Marin, G. and Mellor-Crummey, J. and Tallent, N. R.},
	title = {{HPCTOOLKIT: tools for performance analysis of optimized parallel programs}},
	journal = {{Concurrency and Computation: Practice and Experience}},
	volume = {22},
	number = {6},
	pages = {685-701},
	year = {2010},
	doi = {10.1002/cpe.1553},
	tags = "Profiling tools"
}

@incollection{Kim01Performance,
	booktitle = {{Languages and Compilers for Parallel Computing}},
	Chapter = {{Lecture Notes in Computer Science}},
	editor = {Midkiff, SamuelP. and Moreira, JoséE. and Gupta, Manish and Chatterjee, Siddhartha and Ferrante, Jeanne and Prins, Jan and Pugh, William and Tseng, Chau-Wen},
	Isbn = {{978-3-540-42862-6}},
	Language = {{English}},
	publisher = {{Springer Berlin Heidelberg}},
	Url = {{http://dx.doi.org/10.1007/3-540-45574-4_18}},
	author = {Kim, SeonWook and Park, Insung and Eigenmann, Rudolf},
	title = {{A Performance Advisor Tool for Shared-Memory Parallel Programming}},
	volume = {2017},
	pages = {274-288},
	year = {2001},
	doi = {10.1007/3-540-45574-4_18},
	tags = "Profiling tools"
}

@inproceedings{Lachaize12MemProf,
	address = {{Boston, MA}},
	booktitle = {{USENIX 2012 Annual Technical Conference (USENIX ATC 12)}},
	Isbn = {{978-931971-93-5}},
	publisher = {{USENIX}},
	Url = {{https://www.usenix.org/conference/atc12/technical-sessions/presentation/lachaize}},
	author = {Lachaize, Renaud and Lepers, Baptiste and Quema, Vivien},
	title = {{MemProf: A Memory Profiler for NUMA Multicore Systems}},
	pages = {53-64},
	year = {2012},
	tags = "Profiling tools, Memory optimisation"
}

@techreport{Dosimont14Trace,
	Abstract = {{Today, because of computing system complexity, it is required to trace application executions to understand their behavior. Visualization techniques provide some help in representing their content, but their scalability is limited both because of human perception and bounded screen resolution. To solve this issue, we propose a visualization based on time aggregation that provides a concise overview of a trace whatever its size. The level of details in this visualization can be configurable by users who can adjust the compromise between concision (gain from aggregation) and information loss. They can then refine their analysis by zooming in an interesting part and choosing a less aggregated overview for this interesting part. This visualization is implemented in our tool, Ocelotl, which enables users to interact with this visualization by changing the selected time interval and its aggregation settings dynamically. The results presented in this paper show that the technique can help users correctly identify anomalies in very large trace files composed of up to forty million events.}},
	Affiliation = {{MOAIS - INRIA Grenoble Rhône-Alpes / LIG Laboratoire d’Informatique de Grenoble , Instituto de Informática da UFRGS - UFRGS , MESCAL - INRIA Grenoble Rhône-Alpes / LIG laboratoire d’Informatique de Grenoble}},
	Collaboration = {{UFRGS }},
	Hal_id = {{hal-00981020}},
	Language = {{Anglais}},
	month = {{Apr}},
	note = {{Trace visualization; trace analysis; trace overview; time aggregation; parallel systems; embedded systems; information theory; scientific computation; multimedia application; debugging; optimization}},
	Pdf = {{http://hal.inria.fr/hal-00981020/PDF/RR-8524.pdf}},
	Publisher = {{INRIA}},
	Url = {{http://hal.inria.fr/hal-00981020}},
	author = {Dosimont, Damien and Schnorr, Lucas Mello and Huard, Guillaume and Vincent, Jean-Marc},
	title = {{A Trace Macroscopic Description based on Time Aggregation}},
	number = {RR-8524},
	year = {2014},
	tags = "To read, Visualisation"
}

@inproceedings{Pagano13Trace,
	booktitle = {{Embedded Multicore Socs (MCSoC), 2013 IEEE 7th International Symposium on}},
	Keywords = {{data visualisation;embedded systems;program diagnostics;system-on-chip;FrameSoC;aggregation algorithm;analysis tools;behavior analysis;embedded system complexity;plugin mechanisms;representation scalability;system execution;trace analysis methods;trace management infrastructure;trace size;trace storage;visualization scalability;Algorithm design and analysis;Context;Data visualization;Databases;Embedded systems;Scalability;Visualization;SoC;aggregation;analysis tools;data-model;database;debugging;embedded systems;execution traces;infrastructure;modularity;multi-core;profiling;scalability;trace formats;trace management;visualization}},
	Month = {{Sept}},
	author = {Pagano, G. and Dosimont, D. and Huard, G. and Marangozova-Martin, V. and Vincent, J. M.},
	title = {{Trace Management and Analysis for Embedded Systems}},
	pages = {119-122},
	year = {2013},
	doi = {10.1109/MCSoC.2013.28},
	tags = "To read, Visualisation"
}

@misc{Oprofile,
	howpublished = {{Victoria University of Manchester,}},
	Url = {{http://oprofile.sourceforge.net/doc/index.html}},
	author = {Levon, John},
	title = {{Oprofile Manual}},
	year = {2000},
	tags = "Profiling tools"
}

@inproceedings{Basu11Karma,
	Acmid = {{1995950}},
	address = {{New York, NY, USA}},
	booktitle = {{Proceedings of the International Conference on Supercomputing}},
	Isbn = {{978-1-4503-0102-2}},
	Keywords = {{deterministic record-replay, multi-core processors}},
	Location = {{Tucson, Arizona, USA}},
	Numpages = {{10}},
	publisher = {{ACM}},
	series = {{ICS ’11}},
	Url = {{http://doi.acm.org/10.1145/1995896.1995950}},
	author = {Basu, Arkaprava and Bobba, Jayaram and Hill, Mark D.},
	title = {{Karma: Scalable Deterministic Record-replay}},
	pages = {359-368},
	year = {2011},
	doi = {10.1145/1995896.1995950},
	tags = "Memory Race recording"
}

@inproceedings{Djoudi05MAQAO,
	address = {{Santa Jose, California}},
	booktitle = {{Proceedings of workshop on Explicitely Parallel Instruction Computing Techniques (EPIC'04)}},
	author = {Djoudi, Lamia and Barthou, Denis and Carribault, Patrick and Lemuet, Christope and Acquaviva, Jean-Thomas and Jalby, William},
	title = {{MAQAO: Modular Assembler Quality Analyzer and Optimizer for Itanium 2}},
	year = {2005},
	doi = {10.1.1.100.7718},
	tags = "Memory Race recording"
}

@inproceedings{Pokam09Architecting,
	Acmid = {{1669183}},
	address = {{New York, NY, USA}},
	booktitle = {{Proceedings of the 42Nd Annual IEEE/ACM International Symposium on Microarchitecture}},
	Isbn = {{978-1-60558-798-1}},
	Keywords = {{determinism, deterministic replay, memory race recorder}},
	Location = {{New York, New York}},
	Numpages = {{10}},
	publisher = {{ACM}},
	series = {{MICRO 42}},
	Url = {{http://doi.acm.org/10.1145/1669112.1669183}},
	author = {Pokam, Gilles and Pereira, Cristiano and Danne, Klaus and Kassa, Rolf and Adl-Tabatabai, Ali-Reza},
	title = {{Architecting a Chunk-based Memory Race Recorder in Modern CMPs}},
	pages = {576-585},
	year = {2009},
	doi = {10.1145/1669112.1669183},
	tags = "Memory Race recording"
}

@inproceedings{Montesinos08DeLorean,
	booktitle = {{Computer Architecture, 2008. ISCA ’08. 35th International Symposium on}},
	Issn = {{1063-6897}},
	Keywords = {{multi-threading;program debugging;shared memory systems;DeLorean records execution;concurrency bugs;logging requirements;multithreaded execution;production-run speed;release consistency execution;sequential consistency execution;shared-memory multiprocessor execution efficiently;Computer architecture;Computer bugs;Computer science;Concurrent computing;Costs;Debugging;Hardware;Multithreading;Proposals;Timing}},
	Month = {{June}},
	author = {Montesinos, P. and Ceze, L. and Torrellas, J.},
	title = {{DeLorean: Recording and Deterministically Replaying Shared-Memory Multiprocessor Execution Ef?ciently}},
	pages = {289-300},
	year = {2008},
	doi = {10.1109/ISCA.2008.36},
	tags = "Memory Race recording"
}

@inproceedings{Sanchez07Implementing,
	booktitle = {{Microarchitecture, 2007. MICRO 2007. 40th Annual IEEE/ACM International Symposium on}},
	Issn = {{1072-4451}},
	Keywords = {{concurrency control;cryptography;digital signatures;multi-threading;transaction processing;Cuckoo-Bloom signatures;Pagh cuckoo hashing;Rodler cuckoo hashing;TM signatures;TM systems;concurrent transactions;conflict detection;k single-hash-function Bloom filter;multiported SRAM;multithreaded programming;parallel Bloom signature;transactional memory systems;Costs;Degradation;Dynamic programming;Filters;Hardware;Hydrogen;Performance analysis;Read-write memory;Space exploration;System testing}},
	Month = {{Dec}},
	author = {Sanchez, D. and Yen, L. and Hill, M. D. and Sankaralingam, K.},
	title = {{Implementing Signatures for Transactional Memory}},
	pages = {123-133},
	year = {2007},
	doi = {10.1109/MICRO.2007.24},
	tags = "Memory Race recording"
}

@article{Bloom70SpaceTime,
	Acmid = {{362692}},
	Address = {{New York, NY, USA}},
	Issn = {{0001-0782}},
	Issue_date = {{July 1970}},
	Keywords = {{hash addressing, hash coding, retrieval efficiency, retrieval trade-offs, scatter storage, searching, storage efficiency, storage layout}},
	Month = {{jul}},
	Numpages = {{5}},
	Publisher = {{ACM}},
	Url = {{http://doi.acm.org/10.1145/362686.362692}},
	author = {Bloom, Burton H.},
	title = {{Space/Time Trade-offs in Hash Coding with Allowable Errors}},
	journal = {{Commun. ACM}},
	volume = {13},
	number = {7},
	pages = {422-426},
	year = {1970},
	doi = {10.1145/362686.362692},
	tags = "Memory Race recording"
}

@misc{Salzman01Linux,
	howpublished = {{online}},
	note = {{2.6 series}},
	Url = {{http://www.dirac.org/linux/writing/}},
	author = {Salzman, Peter Jay and Burian, Michael and Pomerants, Ori},
	title = {{The Linux Kernel Module Programming Guide}},
	year = {2001},
	tags = "Linux"
}

@inproceedings{Mochel05sysfs,
	address = {{Ottawa, Canada}},
	booktitle = {{Linux Symposium}},
	author = {Mochel, Patrick},
	title = {{The sysfs filesystem}},
	volume = {1},
	pages = {313-326},
	year = {2005},
	tags = "Linux"
}

@techreport{Drongowski07Instructionbased,
	address = {{Boston Design center}},
	institution = {{AMD CodeAnalyst Project}},
	month = {{November}},
	author = {Drongowski, Paul J.},
	title = {{Instruction-based sampling: A new performance analysis technique for AMD family 10h processors}},
	year = {2007},
	tags = "To read"
}

@article{Geimer10Scalasca,
	Issn = {{1532-0634}},
	Keywords = {{parallel computing, performance analysis, scalability}},
	Publisher = {{John Wiley & Sons, Ltd.}},
	Url = {{http://dx.doi.org/10.1002/cpe.1556}},
	author = {Geimer, Markus and Wolf, Felix and Wylie, Brian J.  N. and Ábrahám, Erika and Becker, Daniel and Mohr, Bernd},
	title = {{The Scalasca performance toolset architecture}},
	journal = {{Concurrency and Computation: Practice and Experience}},
	volume = {22},
	number = {6},
	pages = {702-719},
	year = {2010},
	doi = {10.1002/cpe.1556},
	tags = "Profiling tools"
}

@inproceedings{Bruening03infrastructure,
	booktitle = {{Code Generation and Optimization, 2003. CGO 2003. International Symposium on}},
	Keywords = {{application program interfaces;optimising compilers;DynamoRIO dynamic code modification system;adaptive dynamic optimization infrastructure;adaptive levels of detail;average speedup;base DynamoRIO performance;clients;compiler infrastructures;dynamic analyses;dynamic optimizations;dynamic translation;external modules;lightweight API;linear streams;optimization units;profiling;static compilation;static optimizations;Abstracts;Application software;Computer science;Instruments;Laboratories;Optimizing compilers;Performance analysis;Runtime;Software libraries;Software performance}},
	Month = {{March}},
	author = {Bruening, D. and Garnett, T. and Amarasinghe, S.},
	title = {{An infrastructure for adaptive dynamic optimization}},
	pages = {265-275},
	year = {2003},
	doi = {10.1109/CGO.2003.1191551},
	tags = "To read"
}

@inproceedings{Rozar14Amelioration,
	address = {{Neuchatel, suisse}},
	booktitle = {{ComPAS'2013 / RenPar'22}},
	author = {Rozar, Fabien},
	title = {{Amélioration de la Scalabilité Mémoire du code G YSELA}},
	year = {2014},
	tags = "Profiling tools"
}

@inproceedings{Diener10Evaluating,
	booktitle = {{High Performance Computing and Communications (HPCC), 2010 12th IEEE International Conference on}},
	Keywords = {{message passing;multi-threading;parallel machines;shared memory systems;storage management;OpenMP;Pthreads;cluster computers;data sharing pattern;heterogeneous interconnect;implicit communication;memory access pattern;multicore processors;parallel machine;process placement;shared-memory environment;thread mapping;thread placement;memory access patterns;multi-core processor;process mapping;shared cache;thread placement}},
	Month = {{Sept}},
	author = {Diener, M. and Madruga, F. L. and Rodrigues, E. R. and Alves, M. A. Z. and Schneider, J. and Navaux, P. O. A. and Heiss, H. U.},
	title = {{Evaluating Thread Placement Based on Memory Access Patterns for Multi-core Processors}},
	pages = {491-496},
	year = {2010},
	doi = {10.1109/HPCC.2010.114},
	tags = "Scheduling"
}

@inproceedings{Diener12Using,
	booktitle = {{Parallel Distributed Processing Symposium (IPDPS), 2012 IEEE 26th International}},
	Issn = {{1530-2075}},
	Keywords = {{parallel processing;shared memory systems;NAS parallel benchmarks;NPB;TLB;communication latency;communication pattern;cores per chip;light weight mechanism;map threads;memory access;memory hierarchy;multiprocessor architecture cores;parallel applications;shared memory;source code;translation look aside buffer;translation lookaside buffer;Complexity theory;Hardware;Instruction sets;Memory management;Message systems;Operating systems;Radiation detectors;Cache Misses;Interconnections;Parallel applications;Shared memory;TLB;Thread mapping;Translation Lookaside Buffer}},
	Month = {{May}},
	author = {Diener, M. and Cruz, E. H. M. and Navaux, P. O. A.},
	title = {{Using the Translation Lookaside Buffer to Map Threads in Parallel Applications Based on Shared Memory}},
	pages = {532-543},
	year = {2012},
	doi = {10.1109/IPDPS.2012.56},
	tags = "Scheduling, Memory optimisation"
}

@article{Cruz14Dynamic,
	Issn = {{0743-7315}},
	Keywords = {{Thread mapping; Cache coherence protocols; Parallel applications; Shared memory; Thread communication; Communication pattern }},
	Url = {{http://www.sciencedirect.com/science/article/pii/S0743731513002335}},
	author = {Cruz, Eduardo H. M. and Diener, Matthias and Alves, Marco A. Z. and Navaux, Philippe O. A.},
	title = {{Dynamic thread mapping of shared memory applications by exploiting cache coherence protocols }},
	journal = {{Journal of Parallel and Distributed Computing }},
	volume = {74},
	number = {3},
	pages = {2215-2228},
	year = {2014},
	doi = {http://dx.doi.org/10.1016/j.jpdc.2013.11.006},
	tags = "Scheduling, Memory optimisation"
}

@book{Gorman07Understanding,
	month = {{July}},
	publisher = {{Prentice Hall}},
	author = {Gorman, Mel},
	title = {{Understanding the Linux virtual memory manager}},
	year = {2007},
	tags = "Linux"
}

@inproceedings{Diener13CommunicationBased,
	booktitle = {{Parallel Distributed Processing (IPDPS), 2013 IEEE 27th International Symposium on}},
	Issn = {{1530-2075}},
	Keywords = {{Linux;cache storage;memory architecture;parallel architectures;shared memory systems;DRAM energy consumption;Linux kernel;NAS parallel benchmarks;cache hierarchies;communication based mapping;communication behavior;dynamic migration algorithm;energy efficiency;memory hierarchies;operating system;parallel applications;shared memory applications;shared memory architectures;shared pages;Accuracy;Computer architecture;Instruction sets;Kernel;Linux;Message systems;Communication Detection;Mapping;Page Table;Shared Pages}},
	Month = {{May}},
	author = {Diener, M. and Cruz, E. H. M. and Navaux, P. O. A.},
	title = {{Communication-Based Mapping Using Shared Pages}},
	pages = {700-711},
	year = {2013},
	doi = {10.1109/IPDPS.2013.57},
	tags = "Memory optimisation"
}

@article{Ruiz15Reconstructable,
	Acmid = {{2723883}},
	Address = {{New York, NY, USA}},
	Issn = {{0163-5980}},
	Issue_date = {{January 2015}},
	Keywords = {{Cloud Computing, Experiment Methodology, Reproducible Research, Testbed, Virtual Appliances}},
	Month = {{jan}},
	Numpages = {{10}},
	Publisher = {{ACM}},
	Url = {{http://doi.acm.org/10.1145/2723872.2723883}},
	author = {Ruiz, Cristian and Harrache, Salem and Mercier, Michael and Richard, Olivier},
	title = {{Reconstructable Software Appliances with Kameleon}},
	journal = {{SIGOPS Oper. Syst. Rev.}},
	volume = {49},
	number = {1},
	pages = {80-89},
	year = {2015},
	doi = {10.1145/2723872.2723883},
}

@inproceedings{Diener14kMAF,
	Acmid = {{2628085}},
	address = {{New York, NY, USA}},
	booktitle = {{Proceedings of the 23rd International Conference on Parallel Architectures and Compilation}},
	Isbn = {{978-1-4503-2809-8}},
	Keywords = {{cache hierarchies, data affinity, numa, thread affinity}},
	Location = {{Edmonton, AB, Canada}},
	Numpages = {{12}},
	publisher = {{ACM}},
	series = {{PACT ’14}},
	Url = {{http://doi.acm.org/10.1145/2628071.2628085}},
	author = {Diener, Matthias and Cruz, Eduardo H. M. and Navaux, Philippe O. A. and Busse, Anselm and Heiß, Hans-Ulrich},
	title = {{kMAF: Automatic Kernel-level Management of Thread and Data Affinity}},
	pages = {277-288},
	year = {2014},
	doi = {10.1145/2628071.2628085},
	tags = "Memory optimisation"
}

@techreport{Beniamine15Memory,
	Hal_id = {{hal-01130478}},
	Hal_version = {{v1}},
	institution = {{Inria}},
	Keywords = {{ MOCA ; Cartography ; Ocelotl ; Virtual memory ; Memory Profiling ; Memory analysis ; HPC}},
	month = {{Mar}},
	Pdf = {{https://hal.inria.fr/hal-01130478/file/RR-8694.pdf}},
	Publisher = {{INRIA Grenoble}},
	Url = {{https://hal.inria.fr/hal-01130478}},
	author = {Beniamine, David and Corre, Youenn and Dosimont, Damien and Huard, Guillaume},
	title = {{Memory Organisation Cartography & Analysis}},
	number = {8694},
	year = {2015},
	tags = "Memory optimisation, Perso"
}

@inproceedings{Jiang14Understanding,
	booktitle = {{Workload Characterization (IISWC), 2014 IEEE International Symposium on}},
	Keywords = {{Big Data;parallel processing;storage management;17-node Xeon cluster;Apache Spark framework;HPC benchmark;Hadoop;big data application;in-memory computing workload;interactive data analysis;iterative machine learning;memory access;memory bandwidth utilization;microarchitectural behavior;Bandwidth;Benchmark testing;Big data;Hardware;Microarchitecture;Program processors;Sparks}},
	Month = {{Oct}},
	author = {Jiang, Tao and Zhang, Qianlong and Hou, Rui and Chai, Lin and Mckee, S. A. and Jia, Zhen and Sun, N.},
	title = {{Understanding the behavior of in-memory computing workloads}},
	pages = {22-30},
	year = {2014},
	doi = {10.1109/IISWC.2014.6983036},
	tags = "Memory optimisation"
}

@inproceedings{Majo13(Mis)understanding,
	booktitle = {{Workload Characterization (IISWC), 2013 IEEE International Symposium on}},
	Keywords = {{multi-threading;multiprocessing systems;operating systems (computers);parallel architectures;NUMA memory system performance;NUMA-multicores;OS functionality;PARSEC parallel benchmarks;computation distribution;data distribution;memory access patterns;multithreaded programs;multithreaded workloads;nonuniform memory architecture;workload characterization;Benchmark testing;Computer architecture;Microarchitecture;Prefetching;Process control;System performance}},
	Month = {{Sept}},
	author = {Majo, Z. and Gross, T. R.},
	title = {{(Mis)understanding the NUMA memory system performance of multithreaded workloads}},
	pages = {11-22},
	year = {2013},
	doi = {10.1109/IISWC.2013.6704666},
	tags = "Memory optimisation"
}

@inproceedings{Bao08HMTT,
	Acmid = {{1375484}},
	address = {{New York, NY, USA}},
	booktitle = {{Proceedings of the 2008 ACM SIGMETRICS International Conference on Measurement and Modeling of Computer Systems}},
	Isbn = {{978-1-60558-005-0}},
	Keywords = {{DIMM, HMTT, memory trace, real system}},
	Location = {{Annapolis, MD, USA}},
	Numpages = {{12}},
	publisher = {{ACM}},
	series = {{SIGMETRICS ’08}},
	Url = {{http://doi.acm.org/10.1145/1375457.1375484}},
	author = {Bao, Yungang and Chen, Mingyu and Ruan, Yuan and Liu, Li and Fan, Jianping and Yuan, Qingbo and Song, Bo and Xu, Jianwei},
	title = {{HMTT: A Platform Independent Full-system Memory Trace Monitoring System}},
	pages = {229-240},
	year = {2008},
	doi = {10.1145/1375457.1375484},
	tags = "Memory optimisation"
}

@article{Diener15Characterizing,
	author = {Diener, M. and Cruz, E. H. M. and Pilla, L. L. and Dupros, F. and Navaux, P. O. A.},
	title = {{Characterizing Communication and Page Usage of Parallel Applications for Thread and Data Mapping}},
	journal = {{Accepted at PEVA'15}},
	year = {2015},
	tags = "Memory optimisation"
}

@incollection{Tao01Visualizing,
	booktitle = {{Computational Science - ICCS 2001}},
	Chapter = {{Lecture Notes in Computer Science}},
	editor = {Alexandrov, VassilN. and Dongarra, JackJ. and Juliano, BenjoeA. and Renner, RenéS. and Tan, C. J. Kenneth},
	Isbn = {{978-3-540-42233-4}},
	Language = {{English}},
	publisher = {{Springer Berlin Heidelberg}},
	Url = {{http://dx.doi.org/10.1007/3-540-45718-6_91}},
	author = {Tao, Jie and Karl, Wolfgang and Schulz, Martin},
	title = {{Visualizing the Memory Access Behavior of Shared Memory Applications on NUMA Architectures}},
	volume = {2074},
	pages = {861-870},
	year = {2001},
	doi = {10.1007/3-540-45718-6_91},
	tags = "Memory optimisation, To read"
}

@article{Bosch00Rivet,
	Acmid = {{604455}},
	Address = {{New York, NY, USA}},
	Issn = {{0097-8930}},
	Issue_date = {{February 2000}},
	Month = {{feb}},
	Numpages = {{6}},
	Publisher = {{ACM}},
	Url = {{http://doi.acm.org/10.1145/563788.604455}},
	author = {Bosch, Robert and Stolte, Chris and Tang, Diane and Gerth, John and Rosenblum, Mendel and Hanrahan, Pat},
	title = {{Rivet: A Flexible Environment for Computer Systems Visualization}},
	journal = {{SIGGRAPH Comput. Graph.}},
	volume = {34},
	number = {1},
	pages = {68-73},
	year = {2000},
	doi = {10.1145/563788.604455},
	tags = "To read, Profiling tools, Memory optimisation"
}

@inproceedings{Weyers14Visualization,
	booktitle = {{Visual Performance Analysis (VPA), 2014 First Workshop on}},
	Keywords = {{data visualisation;parallel processing;shared memory systems;hierarchical NUMA architectures;high performance computing platforms;memory access behavior visualisation;memory access functionality;memory bandwidth;memory controller;microarchitectures;processor chip;remote memory access;shared memory parallel applications;visual design;Bandwidth;Computer architecture;Data visualization;Hardware;Ports (Computers);Radiation detectors;Sockets}},
	Month = {{Nov}},
	author = {Weyers, B. and Terboven, C. and Schmidl, D. and Herber, J. and Kuhlen, T. W. and Muller, M. S. and Hentschel, B.},
	title = {{Visualization of Memory Access Behavior on Hierarchical NUMA Architectures}},
	pages = {42-49},
	year = {2014},
	doi = {10.1109/VPA.2014.12},
	tags = "Visualisation, Memory optimisation, Profiling tools"
}

@inproceedings{Broquedis10hwloc,
	booktitle = {{Parallel, Distributed and Network-Based Processing (PDP), 2010 18th Euromicro International Conference on}},
	Issn = {{1066-6192}},
	Keywords = {{application program interfaces;message passing;multi-threading;scheduling;MPI software;OpenMP thread scheduling;complex hardware topology;hardware affinities management;hardware locality software;high-performance computing;hwloc;memory nodes;multicore processor;runtime system;shared caches;software affinity;Application software;Bandwidth;Computer architecture;Concurrent computing;Conference management;Hardware;Memory management;Software libraries;Topology;Yarn;Hardware Topology Affinities Placement MPI OpenMP}},
	Month = {{Feb}},
	author = {Broquedis, F. and Clet-Ortega, J. and Moreaud, S. and Furmento, N. and Goglin, B. and Mercier, G. and Thibault, S. and Namyst, R.},
	title = {{hwloc: A Generic Framework for Managing Hardware Affinities in HPC Applications}},
	pages = {180-186},
	year = {2010},
	doi = {10.1109/PDP.2010.67},
	tags = "Profiling tools"
}

@inproceedings{Bienia08PARSEC,
	booktitle = {{Proceedings of the 17th International Conference on Parallel Architectures and Compilation Techniques}},
	Month = {{October}},
	author = {Bienia, Christian and Kumar, Sanjeev and Singh, Jaswinder Pal and Li, Kai},
	title = {{The PARSEC Benchmark Suite: Characterization and Architectural Implications}},
	year = {2008},
	tags = "Benchmark"
}

@incollection{Vetter14Quantifying,
	booktitle = {{High Performance Computing Systems. Performance Modeling, Benchmarking and Simulation}},
	Chapter = {{Lecture Notes in Computer Science}},
	editor = {Jarvis, Stephen A. and Wright, Steven A. and Hammond, Simon D.},
	Isbn = {{978-3-319-10213-9}},
	Language = {{English}},
	publisher = {{Springer International Publishing}},
	Url = {{http://dx.doi.org/10.1007/978-3-319-10214-6_1}},
	author = {Vetter, JeffreyS. and Lee, Seyong and Li, Dong and Marin, Gabriel and McCurdy, Collin and Meredith, Jeremy and Roth, PhilipC. and Spafford, Kyle},
	title = {{Quantifying Architectural Requirements of Contemporary Extreme-Scale Scientific Applications}},
	volume = {8551},
	pages = {3-24},
	year = {2014},
	doi = {10.1007/978-3-319-10214-6_1},
	tags = "Memory optimisation, Profiling tools"
}

@inproceedings{Gimenez14Dissecting,
	Acmid = {{2683612}},
	address = {{Piscataway, NJ, USA}},
	Bibsource = {{DBLP, http://dblp.uni-trier.de}},
	booktitle = {{Proceedings of the International Conference for High Performance Computing, Networking, Storage and Analysis}},
	Ee = {{http://dx.doi.org/10.1109/SC.2014.19}},
	Isbn = {{978-1-4799-5500-8}},
	Location = {{New Orleans, Louisana}},
	Numpages = {{11}},
	publisher = {{IEEE Press}},
	series = {{SC ’14}},
	Url = {{http://dx.doi.org/10.1109/SC.2014.19}},
	author = {Giménez, Alfredo and Gamblin, Todd and Rountree, Barry and Bhatele, Abhinav and Jusufi, Ilir and Bremer, Peer-Timo and Hamann, Bernd},
	title = {{Dissecting On-Node Memory Access Performance: A Semantic Approach}},
	pages = {166-176},
	year = {2014},
	doi = {10.1109/SC.2014.19},
	tags = "Memory optimisation, Profiling tools"
}

@inproceedings{Liu13Datacentric,
	Acmid = {{2503297}},
	address = {{New York, NY, USA}},
	Articleno = {{28}},
	booktitle = {{Proceedings of the International Conference on High Performance Computing, Networking, Storage and Analysis}},
	Isbn = {{978-1-4503-2378-9}},
	Keywords = {{data locality, data-centric profiling, scalable profiler}},
	Location = {{Denver, Colorado}},
	Numpages = {{12}},
	publisher = {{ACM}},
	series = {{SC ’13}},
	Url = {{http://doi.acm.org/10.1145/2503210.2503297}},
	author = {Liu, Xu and Mellor-Crummey, John},
	title = {{A Data-centric Profiler for Parallel Programs}},
	pages = {28-1},
	year = {2013},
	doi = {10.1145/2503210.2503297},
	tags = "Memory optimisation, Profiling tools, To read"
}

@inproceedings{McCurdy10Memphis,
	booktitle = {{Performance Analysis of Systems Software (ISPASS), 2010 IEEE International Symposium on}},
	Keywords = {{multiprocessing programs;performance evaluation;Memphis;NUMA related performance problems;data-centric toolset;hardware performance counters;instruction based sampling;micro-processor design;multi-core platforms;non-uniform memory access;problematic memory accesses;Automatic control;CADCAM;Computer aided manufacturing;Counting circuits;Delay;Hardware;Laboratories;Programming profession;Sampling methods;Sockets}},
	Month = {{March}},
	author = {McCurdy, C. and Vetter, J.},
	title = {{Memphis: Finding and fixing NUMA-related performance problems on multi-core platforms}},
	pages = {87-96},
	year = {2010},
	doi = {10.1109/ISPASS.2010.5452060},
	tags = "Memory optimisation, Profiling tools"
}

@inproceedings{Martonosi92MemSpy,
	Acmid = {{133079}},
	address = {{New York, NY, USA}},
	booktitle = {{Proceedings of the 1992 ACM SIGMETRICS Joint International Conference on Measurement and Modeling of Computer Systems}},
	Isbn = {{0-89791-507-0}},
	Location = {{Newport, Rhode Island, USA}},
	Numpages = {{12}},
	publisher = {{ACM}},
	series = {{SIGMETRICS ’92/PERFORMANCE ’92}},
	Url = {{http://doi.acm.org/10.1145/133057.133079}},
	author = {Martonosi, Margaret and Gupta, Anoop and Anderson, Thomas},
	title = {{MemSpy: Analyzing Memory System Bottlenecks in Programs}},
	pages = {1-12},
	year = {1992},
	doi = {10.1145/133057.133079},
	tags = "Memory optimisation, Profiling tools"
}

@inproceedings{Alpern90Visualizing,
	Acmid = {{949548}},
	address = {{Los Alamitos, CA, USA}},
	booktitle = {{Proceedings of the 1st Conference on Visualization ’90}},
	Isbn = {{0-8186-2083-8}},
	Location = {{San Francisco, California}},
	Numpages = {{7}},
	publisher = {{IEEE Computer Society Press}},
	series = {{VIS ’90}},
	Url = {{http://dl.acm.org/citation.cfm?id=949531.949548}},
	author = {Alpern, Bowen and Carter, Larry and Selker, Ted},
	title = {{Visualizing Computer Memory Architectures}},
	pages = {107-113},
	year = {1990},
	tags = "Profiling tools, Visualisation"
}

@inproceedings{Liu14Tool,
	Acmid = {{2555271}},
	address = {{New York, NY, USA}},
	booktitle = {{Proceedings of the 19th ACM SIGPLAN Symposium on Principles and Practice of Parallel Programming}},
	Isbn = {{978-1-4503-2656-8}},
	Keywords = {{NUMA, memory access pattern, performance optimization, profiler, threads}},
	Location = {{Orlando, Florida, USA}},
	Numpages = {{14}},
	publisher = {{ACM}},
	series = {{PPoPP ’14}},
	Url = {{http://doi.acm.org/10.1145/2555243.2555271}},
	author = {Liu, Xu and Mellor-Crummey, John},
	title = {{A Tool to Analyze the Performance of Multithreaded Programs on NUMA Architectures}},
	pages = {259-272},
	year = {2014},
	doi = {10.1145/2555243.2555271},
	tags = "To read, Memory optimisation, Profiling tools"
}

@phdthesis{Servat15Towards,
	address = {{Barcelona}},
	school = {{Universitat Politècnica de Catalunya}},
	author = {Servat Gelabert, Harald},
	title = {{Towards instantaneous performance analysis using coarse-grain sampled and instrumented data}},
	year = {2015},
	tags = "Profiling tools, Memory optimisation"
}

